3982 6194
1814 296 1829 365 5

151 468 300 552 aliquam
323 471 584 534 dominationem
608 468 764 534 exhibere
785 466 812 552 ⁸)
836 470 867 531 in
900 490 955 544 ea,
985 472 1054 534 sive
1084 470 1172 534 illam
1204 472 1405 547 interdicere,
1437 491 1544 554 neque
1574 492 1672 554 super
1695 471 1833 536 clericos

153 557 239 621 illius
260 561 328 623 vim
352 559 495 642 aliquam
518 559 647 623 inferre.
697 557 796 641 Quod
828 578 888 621 nos
911 559 1018 623 divina
1048 560 1118 622 fulti
1142 560 1261 624 fiducia
1284 561 1328 623 ita
1352 560 1595 636 confirmamus,
1627 570 1662 624 ut
1685 559 1833 644 praefata

153 647 294 712 ecclesia
316 650 362 712 ita
384 652 427 712 sit
448 669 581 731 semper
603 650 646 713 ab
679 651 824 712 omnium
848 646 1015 712 hominurn
1045 650 1269 713 dominatione
1291 649 1403 726 libera,
1435 658 1470 712 ut
1494 659 1623 732 praeter
1647 650 1832 713 Romanum

154 737 349 820 pontificem
372 737 494 801 nullum
518 739 617 802 alium
640 737 761 801 habeat
785 737 976 821 praesulem.
1022 736 1202 803 Statuimus
1226 748 1337 802 autem
1355 739 1395 822 b),
1421 749 1455 801 ut
1478 760 1540 820 pro
1563 760 1677 804 amore
1699 747 1833 802 sanctae

154 827 328 891 Romanae
350 827 508 892 ecclesiae
532 848 643 891 comes
659 826 917 909 Andegavorum
940 827 1096 890 adversus
1112 849 1227 891 omnes
1250 827 1398 891 homines
1421 828 1462 890 sit
1484 829 1614 892 adiutor
1630 837 1664 891 et
1678 829 1834 892 defensor

154 916 274 996 tocie)
298 916 395 992 illius,
428 925 463 979 ut
485 919 569 979 sicut
592 925 625 980 te
649 937 710 1000 pro
741 918 984 980 constructione
1004 916 1033 997 d)
1065 917 1203 980 salutem
1235 925 1485 980 consecuturum
1517 919 1697 992 credimus,
1726 918 1772 980 sic
1800 926 1834 979 et

154 1006 219 1088 ipsi
242 1027 304 1089 pro
327 1006 520 1069 defensione
544 1016 756 1088 peccatorum
780 1026 912 1069 suorum
933 1009 964 1088 e)
987 1007 1114 1069 veniam
1138 1015 1171 1069 et
1194 1009 1294 1070 vitam
1319 1015 1502 1069 mereantur
1533 1016 1711 1070 aeternam.
1758 1005 1833 1070 Hoc

154 1103 268 1159 autem
284 1095 407 1159 factum
424 1104 474 1159 est
488 1115 622 1159 assensu
640 1104 673 1159 et
687 1095 855 1158 voluntate
871 1095 1038 1170 Harduini‚
1062 1105 1138 1159 tunc
1154 1097 1312 1178 temporis
1328 1096 1528 1159 Turonensis
1548 1094 1788 1179 archiepiscopi
1800 1096 1832 1176 ¹),

156 1185 189 1247 in
206 1185 372 1267 presentia
388 1184 574 1258 Alberonis,
591 1183 787 1248 Rhemensis
802 1183 1040 1268 archiepiscopi
1061 1186 1089 1264 f)
1102 1187 1136 1265 ²).
1174 1184 1209 1248 Si
1227 1187 1297 1265 quis
1314 1194 1423 1247 autem
1440 1185 1577 1248 violator
1592 1185 1685 1248 huius
1700 1194 1833 1249 nostrae

155 1276 400 1337 constitutionis
423 1274 574 1349 extiterit,
599 1275 659 1337 nisi
683 1275 853 1356 resipuerit
876 1283 909 1337 et
934 1273 1100 1337 Romanae
1124 1274 1281 1337 ecclesiae
1303 1274 1506 1349 satisfecerit,
1529 1275 1617 1349 sciat,
1642 1294 1676 1336 se
1701 1281 1833 1357 aposto·

154 1362 218 1425 lica
252 1366 449 1427 auctoritate
484 1371 646 1446 perpetuo
681 1363 889 1426 anathemate
923 1380 1114 1445 percussum
1148 1363 1349 1445 diaboloque
1381 1384 1454 1426 curn
1478 1363 1585 1446 impiis
1605 1366 1635 1442 s)
1667 1364 1832 1427 traditum.
1874 1373 1875 1378 ’

156 1449 223 1532 Qui
248 1461 358 1515 autem
377 1452 407 1537 ¹¹)
437 1460 648 1515 conservator
675 1453 744 1515 eius
768 1461 801 1515 et
831 1452 988 1516 obediens
1016 1454 1217 1534 apostolicae
1248 1454 1432 1515 auctoritati
1465 1451 1570 1526 fuerit,
1604 1452 1833 1516 benedictione

155 1549 189 1603 et
212 1542 316 1624 gratia
340 1542 394 1605 dei
415 1540 444 1623 e)
468 1543 706 1624 omnipotentis
730 1541 921 1623 perfruatur,
943 1550 976 1605 et
1000 1562 1074 1604 cum
1098 1541 1227 1606 Christo
1252 1542 1394 1624 gaudeat
1417 1543 1449 1604 in
1472 1551 1649 1607 aeternum.
1696 1541 1781 1605 Sane
1801 1540 1832 1626 i)

154 1630 198 1692 ad
223 1631 381 1694 indicium
412 1640 588 1713 perceptae
619 1629 713 1693 huius
743 1632 935 1694 aRomana
973 1630 1109 1694 ecclesia
1144 1631 1301 1695 libertatis
1334 1630 1501 1713 praefatae
1535 1631 1694 1694 ecclesiae
1725 1631 1832 1694 clerici

155 1721 304 1799 quinque
326 1719 452 1783 solidos
476 1719 713 1782 Pictavensium
735 1720 868 1803 singulis
883 1720 974 1783 annis
998 1720 1186 1803 persolvant
1210 1720 1309 1784 beato
1325 1719 1552 1802 apostolorum
1576 1721 1723 1804 principi,
1748 1722 1833 1784 unde

155 1808 269 1871 oleum
294 1818 431 1882 emetur,
455 1809 545 1891 quod
570 1817 645 1872 ante
668 1811 737 1872 eius
760 1811 1013 1872 sacratissimum
1036 1830 1156 1892 corpus
1180 1809 1397 1873 comburetur.

318 1900 407 1961 Data
426 1895 456 1981 1ί)
479 1898 656 1961 Lateranis.
702 1912 726 1961 11
755 1899 831 1961 ldus
861 1897 1013 1981 Augusti.
1058 1899 1158 1963 Anno
1190 1898 1231 1961 ab
1263 1899 1483 1962 incarnatione
1513 1899 1638 1961 domini
1663 1897 1833 1961 millesimo

155 1986 334 2050 undecimo
352 1987 395 2066 ¹).
440 1987 651 2051 Pontificatus
674 2008 752 2051 vero
775 1989 899 2051 domini
921 1987 1048 2051 Ioannis
1071 1989 1225 2051 secundo.

319 2102 443 2166 Abscker'st
459 2102 502 2151 der
524 2102 582 2151 Cori.
601 2102 693 2151 Beluae
703 2103 737 2151 38
747 2103 798 2167 sol.
818 2103 875 2162 67¹³,
894 2103 950 2150 und
965 2103 1004 2152 des
1022 2102 1056 2150 D.
1077 2101 1202 2151 Hmrsseau
1214 2103 1232 2150 I
1240 2101 1286 2150 Ne.
1302 2104 1358 2162 187,
1378 2102 1403 2150 in
1421 2103 1464 2151 der
1481 2103 1544 2151 Bibl.
1563 2101 1691 2150 liittr'onale
1709 2117 1738 2148 ru
1752 2101 1832 2150 Paris.

320 2174 354 2222 D.
374 2173 499 2222 Housseau
516 2189 545 2221 en
562 2171 605 2222 tete
622 2174 651 2221 de
668 2181 723 2223 cette
735 2171 800 2237 price
817 2181 864 2222 met
881 2174 909 2222 de
926 2177 978 2223 965
996 2171 1012 2222 ὰ
1032 2176 1091 2226 972.
1117 2174 1172 2222 c'est
1188 2175 1239 2222 dire
1256 2170 1321 2238 qu'r'l
1337 2170 1490 2222 l‘artribued
1513 2174 1579 2237 Jean
1597 2173 1668 2221 XIII
1688 2180 1710 2222 ιι
1726 2189 1775 2225 nan
1787 2181 1836 2237 pas

154 2259 245 2292 comme
264 2243 384 2293 Balmeri
400 2244 465 2310 Jean
477 2245 547 2296 XIX.
584 2244 623 2292 Lu
641 2246 745 2293 mentr'en
756 2247 785 2294 de
797 2247 822 2294 la
835 2242 947 2308 pre'seme
958 2246 987 2294 de
998 2242 1135 2294 Adalbe'ron
1152 2247 1263 2313 confimre
1279 2246 1392 2308 Iepinr'em
1410 2245 1438 2293 de
1455 2245 1516 2293 done.
1531 2243 1663 2292 Heeusecu.
1701 2244 1836 2292 D'ailleurs

154 2317 181 2362 Ia
203 2316 288 2364 Gallia
310 2316 450 2364 Cheisriana
467 2315 535 2365 XIX
548 2316 585 2363 dit
605 2314 621 2364 ὰ
641 2323 727 2379 propos
743 2317 772 2365 de
790 2317 920 2366 Hardouin
938 2317 997 2376 „illo
1014 2318 1126 2380 pretende
1143 2317 1293 2376 reaedificata
1311 2324 1345 2364 est
1360 2316 1455 2364 ecclesia
1473 2315 1618 2364 Lucacensis
1635 2317 1710 2363 castri
1727 2350 1733 2363 .
1753 2351 1760 2363 .
1781 2350 1788 2362 .
1808 2322 1835 2363 .“

154 2393 177 2435 ιι
189 2387 262 2450 place
280 2401 310 2435 err
328 2390 381 2436 905
399 2390 425 2435 la
443 2386 604 2436 cense'ceation
622 2388 651 2436 de
669 2394 723 2436 ιιιιι
741 2385 818 2453 e'glr'se.
838 2417 870 2425 -
891 2389 926 2437 Le
943 2389 996 2436 titre
1019 2403 1065 2452 pue
1089 2404 1150 2436 nem
1174 2385 1316 2437 donnons&
1337 2396 1392 2437 cette
1408 2389 1478 2447 balle,
1496 2403 1557 2436 neus
1573 2387 1670 2435 I'avens
1693 2384 1758 2450 cepie'
1774 2386 1836 2436 dans

155 2457 255 2507 &aaa
292 2459 329 2508 0.
348 2459 474 2507 Housseau
496 2460 546 2507 die:
567 2455 684 2524 Privilr'ge
706 2457 786 2508 donne'
802 2457 817 2508 ὸ
834 2461 853 2508 I
854 2458 924 2525 e'glise
948 2457 1066 2525 eolle'gr'ale
1084 2459 1112 2507 de
1129 2459 1217 2508 Loelees
1236 2467 1288 2523 par
1303 2461 1325 2508 le
1337 2467 1400 2523 pape
1429 2459 1504 2525 Jean.
1527 2486 1556 2494 —
1582 2454 1660 2523 Jaffe',
1685 2459 1744 2523 A'eg.
1765 2460 1833 2506 4069

154 2530 187 2577 is!
203 2530 242 2578 die
263 2529 382 2579 Urkunde
403 2530 505 2596 JoIrann
518 2529 586 2579 XIX
598 2530 772 2596 mgeschn'eben
790 2533 842 2596 auf
859 2531 951 2581 Grund
965 2533 1009 2580 der
1030 2530 1181 2594 Juhresaahl,
1209 2531 1267 2579 doch
1285 2532 1330 2580 wie
1347 2532 1425 2596 wem'g
1441 2533 1493 2598 maj
1512 2530 1608 2579 dieselbe
1630 2545 1659 2576 ru
1674 2530 1755 2593 geben,
1779 2530 1837 2595 eeigt

156 2601 195 2649 die
218 2602 282 2649 dam
303 2601 416 2668 gehdn'ge
433 2602 607 2667 Anmerkung,·
631 2603 680 2651 wir
704 2605 800 2652 neiissen
822 2619 871 2652 rens
888 2621 921 2652 aee
945 2603 993 2652 den
1010 2602 1106 2651 Numen
1130 2603 1170 2650 des
1187 2604 1331 2651 Adressaten
1356 2603 1442 2653 Irclten.
1480 2603 1527 2652 Die
1549 2600 1691 2667 Iiilsclmng
1711 2601 1768 2668 geli!
1791 2617 1837 2649 aus

156 2673 231 2721 allem
248 2689 275 2722 so
293 2673 397 2722 deutlich
415 2674 509 2734 hervee,
529 2673 585 2721 dass
602 2673 633 2722 rie
651 2674 717 2722 nicht
732 2682 781 2723 erst
796 2676 885 2724 einzeln
903 2673 1035 2740 dargerhan
1053 2691 1083 2722 su
1100 2675 1196 2722 werden
1213 2674 1322 2723 haurit.

930 2985 998 3060 Nr.
1031 2989 1064 3059 6.

364 3132 553 3217 †Benede'ct
576 3134 667 3198 VIII
676 3134 826 3219 beste'z'tigt
838 3136 899 3200 der
915 3135 1037 3200 Kirclre
1050 3157 1111 3200 von
1128 3136 1239 3220 Noynn
1256 3136 1327 3200 ihre
1346 3136 1582 3200 Bese'tetlnimer
1599 3135 1632 3218 ⁸).

861 3272 947 3333 1017
960 3270 1060 3334 Mdrs
1074 3272 1129 3332 23.

320 3402 518 3467 Benedictus
541 3403 726 3485 episcopus,
749 3423 860 3468 servus
883 3424 1051 3468 servorum
1067 3405 1130 3479 dei,
1154 3406 1243 3468 omni
1260 3405 1396 3468 ecclesie
1413 3403 1587 3471 Gallicane.
1624 3403 1833 3467 Potissimum

157 3492 268 3555 divine
298 3491 519 3556 retributionis
550 3493 710 3573 premium
741 3494 783 3557 ab
816 3496 889 3576 ipso
919 3494 1007 3557 fideli
1038 3503 1280 3557 remuneratore
1302 3494 1438 3577 adipisci
1467 3493 1670 3567 confidimus,
1704 3494 1731 3554 si
1755 3512 1835 3574 apo·

156 3581 277 3644 stolica
312 3589 494 3664 potestate,
527 3580 624 3643 nobis
653 3583 807 3646 divinitus
842 3585 907 3647 deo
928 3583 1125 3666 propitiante
1157 3583 1294 3658 collata,
1326 3584 1534 3647 ecclesiarum
1570 3581 1762 3645 utilitatibus
1790 3582 1835 3642 in·

155 3670 300 3734 sistimus
324 3689 501 3751 earumque
524 3671 769 3734 necessitatibus
793 3681 826 3735 et
848 3673 986 3755 angariis
1005 3674 1177 3754 sepissime
1200 3675 1246 3735 eis
1270 3674 1406 3748 iniectis,
1430 3681 1466 3736 ut
1489 3674 1594 3747 decet,
1617 3671 1836 3734 subvenimus.

156 3757 330 3822 Universis
362 3761 461 3842 igitur
488 3767 599 3822 sancte
627 3762 739 3823 matris
771 3760 909 3825 ecclesie
934 3761 1016 3838 filiis,
1047 3761 1253 3843 presentibus
1277 3771 1375 3843 atque
1400 3762 1523 3836 futuris
1548 3769 1661 3826 notum
1685 3759 1836 3822 volumus

158 3848 238 3923 fieri,
263 3847 477 3924 Harduinum,
501 3849 720 3913 venerabilem
744 3848 983 3914 Noviomorum
1008 3873 1046 3914 ac
1069 3851 1327 3914 Tornacensium
1351 3851 1512 3934 presulem
1530 3851 1568 3934 ⁴),
1591 3858 1667 3913 ante
1692 3857 1835 3912 nostram

159 3939 359 4020 presentiam
392 3939 520 4002 venisse
542 3940 771 4020 continuisque
803 3940 955 4023 precibus
980 3961 1143 4014 exorasse,
1173 3943 1334 4021 quatinus,
1369 3941 1459 4023 quod
1484 3941 1549 4002 suis
1573 3939 1737 4002 canonicis
1760 3958 1836 4001 con·

159 4026 227 4089 cilii
252 4027 386 4090 consilio
409 4048 448 4091 ac
471 4027 559 4108 regio
584 4037 742 4110 precepto
766 4038 987 4104 concesserat,
1011 4030 1192 4111 apostolica
1216 4032 1409 4092 auctoritate
1434 4029 1708 4101 confirmaremus,
1733 4027 1836 4089 eccle·

158 4118 242 4179 siam
273 4116 425 4180 videlicet
457 4118 499 4180 de
523 4115 706 4180 Hombleus
739 4138 812 4181 cum
843 4139 903 4182 sex
926 4120 1047 4182 mansis
1071 4120 1113 4181 de
1143 4127 1228 4181 terra
1251 4120 1283 4182 in
1312 4120 1427 4181 eadem
1452 4118 1535 4193 villa,
1560 4137 1624 4198 que
1647 4117 1689 4179 ab
1715 4114 1835 4178 Odone

160 4205 282 4268 comite
313 4207 367 4268 diu
391 4206 495 4269 fuerat
526 4226 692 4287 possessa,
723 4210 849 4270 noviter
872 4229 950 4271 vero
974 4209 1079 4271 eidem
1105 4209 1274 4290 episcopo,
1298 4217 1333 4270 ut
1357 4209 1434 4271 olim
1459 4207 1527 4283 fuit,
1552 4207 1688 4269 reddita.
1737 4203 1836 4267 Cuius

160 4295 323 4376 petitioni,
347 4297 503 4377 quoniam
528 4294 626 4377 digna
648 4299 718 4359 visa
733 4306 783 4360 est
799 4305 832 4360 et
847 4298 1025 4361 secundum
1050 4296 1201 4360 Toletani
1225 4297 1352 4360 concilii
1376 4297 1465 4359 tercii
1489 4296 1666 4377 capitulum
1684 4302 1834 4374 quartum

160 4403 323 4446 canonum
346 4385 529 4447 auctoritati
559 4384 644 4447 nullo
676 4386 777 4449 modo
810 4387 977 4462 contraria,
1008 4387 1050 4449 ad
1073 4386 1224 4449 effectum
1249 4387 1465 4468 perducentes
1488 4384 1670 4467 apostolica
1699 4403 1836 4446 censura

160 4472 400 4547 confirmamus,
425 4482 460 4535 ut
482 4473 643 4557 prefatam
667 4475 835 4538 ecclesiam
853 4484 886 4538 et
909 4485 1027 4539 terram
1052 4477 1256 4557 designatam
1282 4477 1428 4538 canonici
1453 4483 1567 4537 sancte
1583 4474 1686 4538 Marie
1710 4472 1837 4552 absque

160 4561 225 4625 ulla
259 4563 518 4626 contradictione
553 4563 787 4644 perpetualiter
818 4572 957 4627 teneant„
1004 4567 1210 4646 Deprecatus
1243 4573 1291 4628 est
1324 4567 1421 4628 etiam
1452 4564 1623 4626 iamdictus
1660 4565 1836 4644 episcopus

160 4661 309 4715 nostram
343 4650 564 4728 clementiam,
608 4661 643 4714 ut
673 4654 951 4734 quemadmodum
984 4654 1071 4717 bona
1114 4656 1384 4737 predecessorum
1416 4674 1548 4715 suorum
1581 4650 1785 4733 temporibus
1818 4671 1836 4713 a

159 4739 320 4822 religiosis
343 4742 418 4803 viris
441 4760 499 4805 sue
523 4740 659 4806 ecclesie
682 4763 860 4817 concessa,
883 4743 926 4806 ab
949 4742 1042 4805 huius
1065 4752 1177 4806 sancte
1200 4744 1348 4806 Romane
1376 4742 1514 4806 ecclesie
1546 4740 1754 4824 pontificibus
1779 4759 1838 4822 per

159 4829 325 4912 privilegii
360 4832 573 4894 assertionem
605 4832 755 4914 insignita
790 4841 889 4907 erant,
922 4833 965 4894 ita
999 4852 1045 4906 ea,
1080 4852 1144 4913 que
1175 4853 1218 4895 ex
1249 4835 1382 4915 propria
1412 4831 1593 4894 hereditate
1624 4831 1695 4912 ipse
1723 4838 1757 4891 et
1779 4849 1838 4892 sua

160 4928 268 4982 mater
291 4918 498 4983 Hadeuvidis
528 4929 562 4983 et
584 4941 643 4983 sua
672 4942 766 4983 soror
799 4918 919 4984 Oidela
952 4923 1116 4985 canonicis
1148 4930 1260 4985 sancte
1285 4922 1388 4984 Marie
1420 4921 1582 4983 dederant
1612 4927 1652 4993 et,
1684 4937 1748 5000 que
1771 4920 1838 4980 suis

159 5008 368 5090 temporibus
391 5028 411 5070 a
434 5009 533 5072 deum
557 5010 746 5073 timentibus
769 5009 884 5092 largita
915 5011 1049 5086 fuerant,
1081 5019 1190 5074 nostra
1215 5012 1419 5094 dignaremur
1452 5008 1645 5073 confirmare
1668 5009 1836 5070 sententia.

323 5210 349 5263 a)
368 5219 484 5253 exercere
502 5203 536 5251 Η
621 5204 648 5266 b)
668 5210 751 5253 tamen
769 5205 803 5252 II.
889 5210 914 5266 c)
935 5222 986 5254 rnre
1002 5207 1035 5254 II.
1122 5207 1148 5268 d)
1169 5207 1359 5255 conservatione
1378 5205 1411 5253 Η.
1494 5205 1518 5268 e)
1536 5220 1587 5252 nur
1605 5204 1638 5253 II.
1712 5203 1795 5262 flvon
1814 5205 1837 5254 in

157 5290 193 5322 arr
211 5290 265 5322 nur
281 5274 308 5322 in
326 5275 360 5323 Η,
394 5337 395 5340 ¹
457 5278 484 5339 g)
504 5275 661 5340 diabolisque
687 5275 769 5341 impiis
788 5277 879 5326 Baluee
974 5278 1002 5342 h)
1020 5293 1081 5327 vero
1100 5278 1133 5326 II.
1229 5278 1248 5340 i)
1267 5284 1329 5326 ιιιιιι
1356 5284 1410 5325 cette
1429 5277 1520 5340 phrase
1543 5276 1626 5339 defuis
1651 5275 1716 5325 Sane
1734 5274 1838 5340 jusqu’e'r

158 5347 256 5395 Datum
273 5362 378 5411 marique
395 5347 458 5394 dates
475 5346 509 5394 Η.
600 5347 627 5410 k)
647 5348 739 5396 Datum
758 5348 790 5396 Η
897 5349 916 5410 l)
937 5351 971 5399 Le
989 5351 1071 5412 copiste
1090 5350 1118 5398 de
1136 5350 1225 5397 Beluae
1242 5350 1310 5398 avrti!
1326 5349 1429 5397 d'alvrd
1449 5346 1508 5397 e'ceit
1526 5347 1602 5407 MXI,
1621 5348 1679 5411 puis
1696 5347 1747 5394 ila
1765 5346 1839 5412 efface'

157 5433 195 5467 ces
213 5417 312 5485 chffees
330 5419 437 5467 romaim
449 5426 516 5482 pour
537 5426 619 5467 mettre
635 5421 661 5467 la
679 5419 733 5468 dare
750 5435 779 5468 err
796 5427 870 5469 toules
886 5423 972 5481 lettres,
998 5422 1059 5469 mais
1081 5436 1128 5469 une
1145 5428 1197 5468 note
1223 5421 1357 5486 enarginale
1374 5420 1402 5469 de
1419 5421 1445 5468 Ia
1463 5417 1537 5468 enirm
1554 5414 1656 5468 e'crilrere
1672 5434 1717 5483 que
1734 5420 1759 5466 Ia
1777 5420 1839 5484 copie
1933 5445 1938 5453 ·

156 5485 246 5538 matre
262 5490 311 5538 die:
332 5489 396 5539 forte
414 5489 481 5538 unde
500 5518 533 5527 -
553 5490 695 5540 millesimo.
731 5491 805 5539 Dans
822 5493 848 5540 Ia
871 5494 990 5542 collection
1008 5492 1036 5541 de
1058 5492 1178 5540 Touraine
1195 5494 1221 5540 la
1239 5492 1293 5541 date
1309 5491 1346 5558 s'y
1362 5488 1439 5540 αιιέιι
1461 5489 1530 5555 apres
1552 5490 1736 5549 lncematione,
1764 5496 1786 5538 ιι
1809 5505 1839 5538 ne

156 5561 265 5625 reprend
280 5558 340 5626 qu'e'r
359 5561 529 5611 Pontificatus.
548 5600 600 5607 ..-
619 5561 806 5626 .1)Harduin,
832 5563 978 5629 Erebischof
989 5580 1036 5613 von
1059 5563 1142 5622 Tours,
1169 5565 1319 5614 959-980.
1427 5570 1454 5626 a)
1472 5562 1590 5612 Adalbero
1607 5561 1754 5619 d'Ardenne,
1778 5561 1838 5610 En·

156 5633 255 5697 britios
266 5648 315 5682 von
333 5632 423 5692 Reims,
442 5634 592 5684 oet-988.
684 5633 711 5697 3)
731 5634 778 5683 Die
796 5635 921 5700 Absrhnfl
937 5637 1012 5685 dieser
1031 5635 1149 5685 Urkunde
1166 5636 1287 5685 verdanke
1311 5635 1348 5684 ich
1366 5635 1451 5686 IIerrn
1468 5634 1591 5684 Archivar
1609 5632 1640 5684 E.
1663 5633 1839 5702 Ceuard-Luys

157 5720 188 5753 ur
206 5705 337 5755 Bemmari.
411 5710 440 5770 4)
459 5705 577 5754 Hardur'n
593 5720 642 5753 von
663 5706 731 5771 Croy,
752 5706 854 5771 BiscIrof
867 5722 914 5756 von
932 5708 1024 5773 libyen,
1043 5723 1063 5756 c.
1086 5709 1268 5757 rora-1030.
