3982 6194
161 252 222 340 176

156 457 339 529 spontanea
360 443 528 506 voluntate
552 441 765 516 renuntiastis,
794 451 830 503 ut
852 441 1031 504 eorundem
1056 441 1342 505 instrumentorum
1365 443 1538 508 occasione
1560 446 1740 511 transactio
1762 447 1818 513 ista
1855 504 1862 539 4

157 537 245 599 nullo
279 545 428 615 tempore
467 532 588 594 debeat
619 530 782 593 infirmari.
835 531 895 605 Et,
934 531 959 593 si
992 530 1140 593 canonici
1171 531 1325 594 adversus
1355 531 1440 594 hanc
1470 536 1728 599 transactionem
1758 537 1817 601 ullo

156 638 304 707 ternpore
327 632 493 695 venerunt,
518 642 561 683 ex
584 631 660 682 tunc
685 620 745 701 ipsi
770 639 903 681 censum
919 621 1131 682 constitutum
1148 621 1307 695 amittant,
1330 632 1429 702 atque
1445 625 1682 688 monasterium
1697 637 1816 703 terram,

155 735 252 796 super
276 733 341 795 qua
364 711 402 774 lis
432 721 523 773 mota
546 720 603 784 est,
633 709 734 771 libere
757 719 875 771 teneat.
921 709 956 772 Si
979 730 1057 771 vero
1081 710 1232 771 monachi
1258 710 1411 773 adversus
1439 714 1698 778 transactionem
1729 715 1816 778 istam

156 804 266 884 aliquo
290 814 438 880 tempore
460 799 570 862 venire
592 799 832 878 temptaverint,
861 810 1003 861 extunc
1027 798 1175 860 canonici
1199 809 1305 860 totam
1328 799 1417 861 illam
1441 798 1595 888 terram!
1637 823 1739 885 super
1759 823 1816 885 qua

157 891 377 955 controversia
400 901 491 951 mota
514 888 617 963 suerit,
642 887 742 949 libere
767 882 812 970 [et
835 883 956 972 quiet]e
980 887 1131 950 habeant.

368 977 426 1061 (R)
449 978 522 1058 Ego
546 976 711 1039 Adrianus
733 976 893 1060 catholice
917 976 1053 1061 ecclesie
1078 977 1254 1059 episcopus
1277 998 1318 1039 ss.
1343 978 1408 1058 (M)

367 1101 411 1112 -
432 1065 452 1146 †
475 1067 548 1147 Ego
571 1065 680 1129 Guido
704 1065 865 1146 presbiter
888 1065 1061 1128 cardinalis
1083 1067 1132 1126 tit.
1157 1067 1259 1128 sancti
1285 1066 1459 1148 Grisogoni
1482 1088 1522 1130 ss.

367 1152 387 1236 †
411 1156 483 1236 Ego
506 1154 678 1216 Hubaldus
701 1154 862 1235 presbiter
885 1155 1056 1225 cardinalis
1079 1155 1126 1216 tit.
1150 1166 1262 1217 sancte
1284 1155 1440 1218 Praxedis
1462 1177 1502 1219 ss.

366 1245 387 1319 †
410 1245 483 1325 Ego
506 1243 603 1305 lulius
627 1243 787 1324 presbiter
810 1244 981 1306 cardinalis
1005 1245 1052 1306 tit.
1076 1244 1179 1305 sancti
1204 1243 1347 1306 Marcelli
1372 1266 1412 1306 ss.

366 1335 386 1411 †
409 1335 482 1414 Ego
506 1332 680 1394 Hubaldus
702 1332 863 1414 presbiter
885 1333 1058 1395 cardinalis
1081 1333 1128 1395 tit.
1151 1343 1262 1394 sancte
1286 1332 1397 1396 Crucis
1420 1334 1453 1395 in
1475 1334 1650 1398 Ierusalem
1675 1355 1716 1397 ss.

366 1423 387 1499 †
410 1423 483 1503 Ego
505 1422 689 1483 Bernardus
712 1421 873 1503 presbiter
896 1421 1069 1484 cardinalis
1091 1421 1139 1483 tit.
1163 1423 1266 1484 sancti
1291 1416 1492 1508 Cl[ementis]
1514 1444 1555 1487 ss.

367 1508 387 1591 t
411 1509 494 1592 Ego·
508 1511 706 1574 Octavianus
729 1511 890 1592 presbiter
913 1511 1085 1573 cardinalis
1108 1511 1155 1573 tit.
1179 1523 1292 1573 sancte
1315 1510 1435 1574 Cecilie
1457 1532 1498 1575 ss.

366 1599 482 1680 †Eg0
505 1599 668 1663 Gerardus
692 1599 852 1680 presbiter
879 1599 1052 1662 cardinalis
1075 1600 1122 1662 tit
1153 1601 1257 1662 sancti
1280 1596 1440 1682 Stephani
1472 1601 1505 1662 in
1528 1599 1621 1663 Celio
1645 1611 1758 1664 monte
1778 1621 1812 1665 ss.

365 1687 386 1768 †
409 1689 481 1770 Ego
497 1688 658 1751 Iohannes
670 1689 831 1769 presbiter
846 1688 1018 1751 cardinalis
1034 1699 1221 1752 sanctorum
1232 1688 1386 1751 Iohannis
1398 1701 1431 1752 et
1443 1688 1531 1753 Pauli
1544 1690 1592 1753 tit.
1604 1690 1769 1753 Pamachii
1779 1710 1812 1753 ss.

366 1779 386 1855 †
410 1779 482 1859 Ego
506 1778 666 1840 Henricus
689 1778 850 1859 presbiter
872 1778 1044 1840 cardinalis
1065 1779 1114 1839 tit.
1137 1790 1324 1840 sanctorum
1347 1779 1445 1841 Nerei
1468 1790 1502 1842 et
1523 1778 1668 1842 Achillei
1690 1799 1731 1841 ss

367 1864 387 1947 †
411 1865 483 1948 Ego
507 1867 668 1929 lohannes
692 1867 852 1948 presbiter
874 1867 1047 1929 cardinalis
1070 1869 1117 1928 tit.
1141 1877 1327 1929 sanctorum
1351 1863 1497 1931 Silvestri
1521 1879 1554 1931 et
1578 1869 1711 1931 Martini
1735 1888 1775 1931 ss.

367 1991 409 2000 —
431 1957 451 2036 †
475 1957 547 2037 Ego
572 1956 648 2019 Odo
673 1957 830 2019 diaconus
853 1955 1025 2018 cardinalis
1048 1956 1151 2018 sancti
1174 1952 1315 2038 Geflorgii
1340 1956 1382 2018 ad
1406 1957 1524 2020 Velum
1548 1977 1684 2019 aureum
1705 1978 1746 2020 ss

365 2046 386 2122 t
409 2047 482 2126 Ego
505 2045 614 2109 Guido
639 2045 795 2107 diaconus
819 2045 992 2107 cardinalis
1014 2057 1126 2107 sancte
1150 2045 1252 2107 Marie
1275 2046 1307 2106 in
1330 2046 1459 2108 Porticu
1482 2067 1523 2108 ss

365 2133 481 2215 †Ego
506 2134 583 2196 Odo
615 2134 772 2197 diaconus
802 2134 974 2197 cardinalis
1006 2135 1109 2196 sancti
1138 2133 1289 2196 Nicholai
1321 2135 1353 2197 in
1386 2155 1513 2198 carcere
1536 2134 1690 2197 Tulliano
1713 2156 1754 2198 ss.
1776 2131 1814 2217 (7)

312 2222 388 2285 Dat.
404 2223 591 2297 Beneventi,
614 2244 674 2304 per
689 2244 821 2286 manum
836 2223 987 2299 Rolandi,
1011 2234 1123 2286 sancte
1139 2224 1288 2286 Romane
1305 2224 1441 2287 ecclesie
1455 2223 1626 2308 presbiteri
1652 2225 1815 2287 cardinalis

155 2320 187 2372 et
218 2311 407 2374 cancellarii.
453 2312 636 2375 vld.1un.
681 2312 863 2379 Indictione
893 2329 952 2374 1111.
997 2313 1232 2376 incarnationis
1263 2312 1428 2375 dominice
1458 2333 1544 2376 anno
1576 2325 1697 2378 Mchl.
1742 2314 1815 2376 Pon·

155 2398 295 2463 tificatus
317 2422 395 2463 vero
421 2402 533 2464 domni
555 2401 716 2464 ADRIANI
737 2400 798 2464 ΡΡ.
823 2418 872 2461 1111
896 2422 983 2464 anno
1007 2403 1161 2465 secundo.
1185 2438 1227 2447 —

317 2515 358 2564 Or.
379 2515 643 2578 (Pmnk-Mr'ttelbulle)
663 2514 710 2564 Nr.
729 2517 778 2563 591
798 2515 865 2576 (oder
882 2516 952 2577 599),
971 2515 1004 2563 im
1022 2516 1136 2564 Archivio
1157 2516 1290 2579 Capitolare
1307 2532 1337 2563 zu
1357 2516 1428 2565 Pisa⁴

316 2587 384 2652 Perg.
404 2588 463 2646 ital,
482 2588 517 2636 br.
537 2590 606 2646 0,59,
624 2589 685 2651 lang
701 2588 785 2645 0,726,
804 2593 878 2635 πυτίαι
898 2588 959 2644 0,()3
982 2587 1170 2653 umgesclzlagen,
1196 2587 1274 2635 durch
1292 2587 1350 2636 arvei
1365 2587 1457 2636 L'o'chcr
1474 2587 1535 2651 ging
1555 2586 1593 2635 die
1610 2586 1717 2647 δάκω,
1742 2587 1819 2637 welche

155 2655 199 2704 mit
215 2656 267 2705 dem
288 2657 410 2724 Bleisiegel
424 2660 539 2708 verlorm.
576 2659 684 2723 Falturrg
700 2659 742 2706 der
759 2658 855 2706 Bullen.
892 2657 950 2706 Nur
967 2659 1090 2707 Adrianus
1108 2660 1134 2707 in
1152 2658 1195 2706 der
1218 2668 1293 2707 ersten
1311 2659 1373 2707 Zeila
1390 2659 1415 2708 in
1436 2657 1579 2723 gestreckttn
1596 2658 1758 2718 Buchstabm,
1781 2660 1821 2707 md

154 2729 277 2777 vcrrr'erter
294 2729 386 2789 Initale,
406 2731 450 2778 das
471 2731 568 2793 Uebnpe
585 2730 611 2778 in
624 2745 720 2795 grosscr
736 2729 917 2791 Breuensclrrrft
939 2730 1090 2795 ausgesic'lrt.
1130 2730 1186 2778 Blos
1210 2730 1254 2778 dus
1276 2731 1322 2778 den
1347 2730 1450 2779 Kontext
1473 2729 1609 2779 tinleilende
1633 2728 1651 2779 S
1675 2731 1818 2796 doppcllinig,

154 2807 220 2848 ronst
238 2801 303 2853 heim
321 2800 462 2867 Majurkelu
480 2803 567 2860 betoni,
592 2801 696 2850 melircre
712 2800 806 2849 Numen
831 2801 888 2848 sind
903 2801 928 2849 in
955 2801 1097 2867 hulblangen
1115 2801 1265 2850 Buchstabm
1281 2801 1439 2865 geschn'eben.
1477 2801 1525 2849 Die
1542 2801 1655 2866 Stellung
1669 2802 1712 2850 des
1730 2801 1820 2865 Harpl-

154 2872 249 2935 k'o'rpers
268 2875 299 2922 ist
321 2874 358 2921 dic
374 2874 418 2922 der
434 2874 531 2932 Bullen,
558 2889 605 2921 von
624 2873 667 2921 der
682 2873 762 2921 linhm
781 2873 861 2920 Kunle
879 2874 965 2931 0,054,
993 2889 1040 2920 von
1058 2873 1101 2922 der
1124 2871 1216 2922 rechten
1235 2875 1314 2932 0,05,·
1337 2874 1392 2922 oben
1416 2873 1501 2922 wurdt
1523 2873 1561 2921 ein
1584 2873 1734 2923 schardlerer
1749 2873 1821 2922 Rand

151 2946 266 3007 gelassen,
290 2960 317 2993 er
339 2945 406 2994 miss!
429 2945 464 2994 bis
486 2961 531 2993 mr
552 2952 627 2994 ersten
651 2944 720 2992 Linie
744 2960 795 2993 nur
812 2944 898 3002 0,036,
924 2944 960 2992 die
978 2944 1072 2993 Im'tialc
1089 2945 1163 2993 reich!
1185 2944 1238 2992 hier
1246 2946 1305 3007 fast
1322 2944 1356 2992 dir
1379 2961 1413 2992 an
1431 2945 1468 2993 die
1485 2943 1574 2994 Kame.
1611 2945 1660 2993 Die
1676 2946 1743 2993 Ieme
1760 2944 1821 2993 Zeile

154 3014 259 3064 schlicsst
274 3016 307 3064 im
325 3024 400 3065 ersten
417 3017 515 3065 Driltel.
550 3018 628 3064 Anien
637 3016 729 3081 selden.
767 3015 902 3079 Liniimng
920 3017 974 3063 und
993 3015 1221 3080 Untersertiguuqcn
1239 3016 1297 3064 sind
1307 3032 1372 3080 gana
1391 3016 1465 3065 denen
1483 3016 1525 3063 der
1541 3016 1629 3064 Bullen
1647 3016 1820 3080 mespreckend.

154 3087 289 3153 ll’ingkreuz
310 3089 365 3136 und
384 3086 546 3152 Unterschrrst
564 3103 611 3135 von
626 3087 730 3152 gleiclrrr
746 3087 849 3135 dunkler
866 3087 947 3135 Diale.
984 3087 1111 3151 Dnlr'rung
1128 3087 1194 3135 wohl
1207 3103 1261 3135 vom
1279 3087 1574 3150 Hauptkdrperschrer‘ber,
1599 3087 1660 3136 doch
1677 3087 1706 3136 in
1725 3088 1823 3137 man·

154 3158 248 3223 schrift,
266 3160 293 3208 ob
310 3160 333 3208 R
352 3161 459 3208 lr'olunds
481 3160 662 3223 rroclrgetragen,
688 3158 877 3207 rrnbestimmbur,
915 3159 963 3207 Die
984 3158 1162 3224 Zeregenfimen
1184 3159 1242 3206 sind
1262 3175 1317 3206 mm
1339 3173 1437 3223 grosseti
1458 3158 1484 3206 Τ
1480 3159 1536 3207 heile
1559 3175 1606 3207 von
1624 3159 1668 3208 der
1685 3159 1821 3208 ndnrlidten

155 3231 234 3279 Hand
248 3231 304 3279 und
319 3231 399 3290 Diale,
418 3231 495 3280 richer
510 3231 547 3280 die
564 3238 639 3280 ersten
657 3233 673 3278 4
694 3230 821 3295 liesduter.
859 3230 947 3279 Durclr
965 3230 1125 3295 Feucrrqueu
1142 3231 1185 3278 hu!
1202 3230 1239 3278 die
1260 3230 1376 3279 Urkrmdc
1392 3230 1496 3295 gelitren.

896 3539 962 3616 Nr.
995 3545 1080 3617 166.

155 3674 308 3742 Hadrian
326 3676 348 3738 I
355 3673 384 3737 V
399 3676 514 3738 nimmt
535 3674 589 3737 die
604 3672 799 3738 Domkirclze
820 3695 881 3737 von
907 3671 1041 3738 Vercelli
1064 3675 1097 3738 in
1116 3673 1344 3758 apostolr'sclten
1360 3675 1476 3739 §chuta
1497 3673 1567 3737 und
1579 3673 1732 3757 bestdttgt
1751 3673 1823 3738 ihre

760 3761 995 3827 Besitztluimcr
1008 3765 1079 3827 und
1091 3765 1220 3829 Reduc.

738 3899 820 3959 1156
831 3894 1066 3960 December27.
1089 3896 1239 3960 Lateran.

312 4029 478 4092 Adrianus
502 4027 684 4110 episcopus,
709 4049 819 4092 servus
841 4049 1007 4091 servorum
1031 4030 1093 4104 dei,
1119 4030 1244 4093 dilectis
1266 4030 1340 4093 filiis
1361 4030 1467 4111 Petro,
1491 4027 1726 4091 archidiacono
1744 4025 1821 4090 Ver·

156 4117 282 4192 cellin0,
312 4120 481 4200 preposito
513 4138 690 4198 eorumque
722 4119 880 4198 fratribus
915 4119 1080 4180 canonicis
1103 4116 1319 4182 Vercellensis
1343 4119 1487 4192 ecclesie,
1518 4127 1586 4179 tam
1617 4117 1821 4198 presentibus

156 4224 254 4289 quam
277 4208 397 4282 suturis,
422 4208 579 4269 canonice
602 4207 844 4282 substituendis,
868 4220 905 4269 ΙΝ
922 4219 998 4269 ΡΡΜ.
1023 4208 1249 4270 —Effectum
1274 4210 1357 4270 iusta
1380 4206 1621 4289 postulantibus
1645 4206 1819 4288 indulgere,

155 4308 188 4359 et
211 4297 304 4377 vigor
326 4297 477 4377 equitatis
500 4307 533 4358 et
563 4297 644 4358 ordo
678 4298 779 4377 exigit
810 4297 952 4370 rationis,
983 4298 1154 4377 presertim
1186 4297 1318 4378 quando
1349 4297 1530 4378 petentium
1561 4296 1767 4357 voluntatem
1790 4308 1820 4358 et

155 4386 260 4467 pietas
283 4385 415 4448 adiuvat
438 4396 470 4447 et
493 4386 610 4447 veritas
634 4404 700 4447 non
723 4386 883 4466 relinquit.
930 4385 1101 4465 Quocirca,
1134 4386 1241 4448 dilecti
1274 4387 1307 4447 in
1338 4386 1473 4448 domino
1497 4383 1562 4460 filii,
1593 4387 1709 4447 vestris
1732 4385 1820 4447 iustis

154 4473 430 4555 postulationibus
453 4474 630 4536 clementer
652 4475 823 4537 annuimus
846 4483 878 4536 et
899 4474 987 4537 beati
1005 4474 1137 4537 Eusebii
1158 4476 1338 4549 ecclesiam,
1361 4476 1393 4537 in
1419 4494 1483 4555 qua
1508 4473 1618 4535 divino
1643 4474 1819 4554 mancipati

155 4564 231 4626 estis
254 4563 424 4643 obsequio,
455 4563 721 4643 predecessorum
754 4575 947 4638 nostrorum,
980 4563 1081 4626 felicis
1114 4565 1270 4627 memorie
1292 4564 1478 4627 Innocencii
1497 4560 1528 4646 ¹),
1561 4561 1717 4625 Celestini
1734 4560 1760 4646 ¹)
1789 4574 1820 4624 et

155 4653 293 4733 Eugenii
311 4650 344 4735 ⁸),
375 4653 599 4714 Romanorum
628 4652 829 4733 pontificum,
860 4653 1005 4733 vestigiis
1030 4653 1221 4729 inherentes,
1252 4655 1312 4716 sub
1337 4653 1424 4716 beati
1447 4652 1532 4716 Petri
1557 4663 1590 4715 et
1612 4662 1726 4715 nostra
1748 4672 1820 4733 pro·

155 4742 297 4804 tectione
327 4742 519 4822 suscipimus
549 4750 581 4803 et
611 4743 770 4821 presentis
793 4743 904 4824 scripti
936 4742 1106 4823 privilegio
1139 4743 1384 4805 communimus.
1431 4741 1628 4815 Statuentes,
1661 4751 1699 4803 ut
1729 4761 1821 4822 quas-

155 4850 295 4910 cumque
318 4832 549 4910 possessiones»,
574 4850 778 4911 quecumque
801 4830 890 4893 bona
913 4831 1030 4893 eadem
1053 4832 1190 4894 ecclesia
1214 4833 1246 4892 in
1262 4832 1496 4913 presentiarum
1518 4831 1599 4893 iuste
1615 4837 1648 4893 et
1663 4831 1821 4892 canonice

156 4918 303 5001 possidet
319 4927 373 4980 aut
394 4920 425 4981 in
447 4919 586 4982 futurum
603 4921 813 4982 concessione
829 4919 1030 5001 pontificum,
1055 4920 1226 5002 largitione
1242 4940 1353 5002 regum
1370 4921 1421 4983 vel
1437 4920 1631 5001 principum,
1652 4919 1821 4982 oblatione

156 5008 300 5071 fidelium
322 5029 378 5070 seu
402 5009 472 5071 aliis
495 5010 586 5071 iustis
610 5009 724 5085 modis,
751 5020 917 5089 prestante
941 5009 1086 5084 domin0,
1110 5011 1231 5091 poterit
1253 5011 1399 5091 adipisci,
1423 5009 1516 5072 firma
1530 5008 1626 5070 vobis
1640 5009 1821 5089 vestrisque

156 5097 395 5161 successoribus
428 5107 460 5160 et
498 5098 622 5161 illibata
652 5111 874 5179 permaneant.
926 5098 963 5161 In
996 5099 1113 5179 quibus
1143 5099 1203 5162 hec
1233 5100 1374 5181 propriis
1413 5100 1565 5162 duximus
1604 5096 1822 5179 exprimenda

156 5186 340 5250 vocabulis:
378 5188 548 5250 ecclesiam
579 5188 681 5250 sancti
706 5185 859 5251 Germani
890 5189 922 5249 in
952 5188 1145 5268 Ledignana
1175 5209 1248 5251 cum
1280 5189 1414 5251 decimis
1443 5199 1476 5250 et
1505 5187 1734 5269 pertinenciis,
1749 5185 1820 5260 suis,

156 5276 328 5340 ecclesiam
350 5278 453 5339 sancti
477 5273 636 5358 Stephani
661 5277 693 5339 in
712 5274 739 5361 a)
763 5277 982 5340 Roncharolio
1007 5296 1080 5339 cum
1105 5278 1239 5340 decimis
1262 5288 1295 5340 et
1318 5277 1526 5359 pertinenciis
1550 5275 1624 5351 suis,
1649 5275 1821 5339 ecclesiam

155 5375 341 5430 sanctorum
363 5361 497 5445 Quiricii
529 5377 561 5428 et
584 5366 675 5429 lulite
707 5367 740 5428 in
771 5367 934 5447 Ociningo
967 5386 1040 5429 cum
1072 5366 1207 5430 decimis
1239 5378 1273 5430 et
1304 5367 1512 5448 pertinenciis
1541 5366 1616 5440 suis,
1649 5365 1825 5427 ecclesiam

162 5650 192 5696 ῃ
212 5646 234 5694 Α
273 5577 339 5695 Ma)
352 5575 453 5696 {indere
474 5574 548 5639 ll'opie
570 5575 611 5627 de.
631 5615 674 5621 .--
701 5579 737 5641 .1)
759 5575 835 5643 Juffr',
863 5580 922 5642 lr'tg.
940 5580 1016 5629 6852.
1108 5587 1133 5644 2)
1157 5575 1217 5629 ort.
1234 5594 1288 5627 vom
1312 5584 1323 5627 1
1345 5580 1449 5643 Janrrar
1472 5580 1540 5627 1144.
1632 5588 1659 5640 3)
1683 5574 1743 5627 Urk.
1769 5585 1828 5624 vora

224 5646 274 5711 'prr'
319 5652 350 5696 14
370 5685 376 5698 .
