3982 6194
1762 282 1818 344 141

154 452 187 507 et
210 445 341 511 illibata
354 459 576 529 permaneant.
614 450 650 512 In
667 448 785 530 quibus
800 450 861 514 hec
877 453 1017 534 propriis
1034 453 1185 515 duximus
1200 452 1415 533 exprimenda
1430 452 1613 516 vocabulis:
1652 454 1823 517 ecclesiam

154 533 254 597 beate
279 537 383 599 Marie
407 537 448 599 de
471 537 561 601 Aent
583 559 657 601 cum
681 539 816 615 decima,
841 541 1009 604 ecclesiam
1033 542 1074 604 dc
1098 543 1223 604 Brenac
1247 549 1279 602 et
1310 542 1481 605 ecclesiam
1512 542 1554 604 de
1578 543 1697 604 Borno.
1738 543 1821 606 Con·

154 625 305 688 cordiam
326 645 413 700 vero,
438 647 501 708 que
529 628 730 690 deecclesia
760 627 848 691 beati
872 630 1092 712 Simphoriani
1126 631 1167 693 de
1191 631 1332 692 Maonac
1364 631 1447 693 inter
1476 633 1651 694 canonicos
1675 630 1822 714 Engolis·

154 714 278 777 mensis
314 715 449 778 ecclesie
481 726 515 779 et
545 717 720 780 canonicos
752 718 793 781 de
823 718 906 781 Salis
938 740 997 801 per
1027 719 1115 782 bone
1147 721 1302 782 memorie
1325 720 1553 795 Lambertum,
1584 731 1821 783 antecessorem

154 811 264 878 tuum,
306 815 340 867 et
369 804 577 868 Guillelmum
615 807 913 889 Petragoricensem
932 810 956 887 ¹)
994 820 1026 871 et
1061 808 1269 872 Guillelmum
1301 810 1567 872 Xanctonensem
1591 809 1617 877 'l
1654 811 1822 890 quondam
1855 876 1859 887 ,

154 893 342 974 episcopos,
367 893 601 957 rationabiliter
624 896 710 958 facta
733 904 790 972 est,
815 909 918 959 ratam
942 907 975 960 et
997 899 1220 960 inconvulsam
1237 917 1366 960 manere
1382 902 1565 961 sanctimus.
1610 900 1822 962 Decemimus

155 1001 243 1062 erge,
276 993 314 1044 ut
341 982 418 1045 nulli
449 984 583 1046 omnino
612 985 781 1048 hominum
811 986 915 1063 liceat,
945 987 1166 1068 supradictam
1197 988 1367 1049 ecclesiam
1398 999 1518 1050 temere
1549 987 1737 1068 perturbare
1767 999 1823 1052 aut

156 1072 221 1133 eius
253 1073 481 1153 possessiones
514 1074 638 1136 auferre
668 1075 719 1137 vel
759 1074 885 1137 ablatas
922 1077 1075 1151 retinere,
1113 1077 1257 1137 minuere
1301 1097 1357 1138 seu
1395 1077 1557 1158 aliquibus
1594 1078 1822 1140 vexationibus

156 1159 303 1241 fatigare,
334 1161 393 1223 sed
425 1161 550 1225 illibata
581 1164 691 1225 omnia
723 1173 756 1225 et
786 1165 910 1245 integra
934 1175 1100 1227 serventur
1123 1185 1251 1240 eorum,
1284 1186 1344 1246 pro
1369 1186 1507 1247 quorum
1530 1166 1766 1247 gubernatione
1790 1176 1823 1229 et

155 1251 392 1313 sustentatione
415 1271 571 1314 concessa
593 1262 676 1328 sunt,
700 1253 811 1316 usibus
834 1254 1031 1316 omnimodis
1055 1254 1231 1335 profutura,
1255 1255 1344 1316 salva
1367 1255 1517 1317 nimirum
1540 1255 1721 1336 apostolice
1735 1256 1822 1317 sedis

154 1341 359 1404 auctoritate.
404 1340 440 1403 Si
464 1361 529 1422 qua
552 1342 585 1403 in
602 1342 742 1404 futurum
765 1389 772 1402 .
797 1392 803 1405 .
827 1389 834 1403 .
859 1342 991 1406 Cunctis
1013 1354 1121 1405 autem
1146 1389 1152 1403 .
1178 1392 1184 1406 .
1210 1392 1216 1405 .
1241 1343 1413 1406 inveniant.
1451 1343 1569 1407 Amen.
1592 1343 1680 1406 Am.
1703 1343 1821 1407 Amen.

370 1427 427 1508 (R)
450 1430 523 1511 Ego
546 1430 740 1493 Anastasius
763 1431 923 1494 catholice
946 1432 1081 1495 ecclesie
1105 1433 1279 1513 episcopus
1302 1453 1342 1497 ss.
1366 1432 1427 1513 (M)

370 1519 391 1597 †
413 1519 486 1599 Ego
509 1519 649 1581 Ymarus
672 1521 874 1583 Tusculanus
898 1522 1072 1603 episcopus
1095 1542 1136 1583 ss.

371 1605 392 1687 †
415 1608 487 1688 Ego
511 1608 611 1690 Hugo
635 1609 819 1672 Hostiensis
843 1610 1018 1691 episcopus
1041 1630 1081 1672 ss.

371 1693 391 1777 †
414 1697 487 1777 Ego
511 1697 686 1778 Gregorius
708 1699 869 1780 presbiter
891 1699 1063 1762 cardinalis
1086 1699 1133 1761 tit.
1158 1698 1276 1761 Calixti
1300 1719 1340 1760 ss,

371 1782 391 1866 †
414 1786 486 1867 Ego
511 1786 619 1849 Guido
644 1788 805 1868 presbiter
828 1789 999 1851 cardinalis
1023 1789 1070 1850 tit.
1093 1788 1196 1851 sancti
1221 1786 1395 1867 Grisogoni
1419 1808 1461 1849 ss.

371 1871 392 1955 †
415 1874 487 1956 Ego
511 1875 684 1938 Hubaldus
707 1877 867 1958 presbiter
889 1877 1060 1940 cardinalis
1084 1878 1130 1939 tit.
1154 1887 1264 1939 sancte
1287 1877 1442 1939 Praxedis
1465 1897 1505 1938 ss.

371 1961 392 2043 †
414 1964 487 2045 Ego
512 1965 700 2028 Manfredus
723 1966 883 2046 presbiter
906 1967 1078 2029 cardinalis
1101 1967 1148 2028 tit.
1172 1976 1284 2027 sancte
1307 1966 1426 2029 Savine
1449 1987 1489 2027 ss.

371 2049 392 2133 †
415 2054 487 2134 Ego
511 2053 620 2117 Guido
644 2055 804 2135 presbiter
826 2056 998 2118 cardinalis
1022 2057 1068 2117 tit.
1092 2055 1233 2117 Pastoris
1256 2076 1297 2116 ss.

371 2138 391 2222 †
414 2141 487 2222 Ego
511 2143 711 2206 Octavianus
734 2144 895 2225 presbiter
918 2145 1088 2208 cardinalis
1113 2146 1159 2206 tit.
1184 2154 1296 2206 sancte
1320 2143 1440 2206 Cecilie
1462 2164 1503 2204 ss,

370 2232 485 2314 †Ego
510 2231 672 2295 Gerardus
702 2233 862 2313 presbiter
892 2234 1063 2296 cardinalis
1093 2234 1140 2296 tit.
1165 2234 1267 2295 sancti
1292 2232 1450 2314 Stephani
1476 2232 1507 2293 in
1532 2231 1622 2294 Celio
1647 2243 1758 2295 monte
1781 2254 1821 2295 ss

369 2321 390 2400 †
412 2321 485 2402 Ego
509 2321 670 2384 Iohannes
693 2321 854 2402 presbiter
877 2323 1048 2385 cardinalis
1071 2323 1118 2385 tit.
1142 2333 1327 2384 sanctorum
1352 2321 1496 2384 Silvestri
1521 2330 1554 2383 et
1577 2322 1709 2384 Martini
1732 2343 1773 2385 ss.

370 2410 390 2492 †
412 2410 486 2491 Ego
510 2411 587 2473 Odo
611 2411 768 2474 diaconus
792 2412 962 2474 cardinalis
985 2412 1087 2474 sancti
1112 2411 1244 2492 Georgii
1269 2411 1311 2473 ad
1334 2410 1453 2472 Velum
1477 2430 1608 2472 aureum
1631 2431 1672 2473 ss.

371 2494 391 2578 †
414 2499 487 2580 Ego
510 2499 670 2562 Rodulfus
694 2501 850 2563 diaconus
874 2501 1044 2563 cardinalis
1068 2511 1180 2563 sancte
1203 2501 1303 2563 Lucie
1326 2501 1359 2561 in
1382 2499 1485 2580 Septa
1508 2499 1585 2561 solis
1608 2521 1649 2561 ss,

316 2588 394 2649 Dat.
410 2587 570 2663 Laterani,
595 2610 654 2670 per
677 2609 809 2651 manum
825 2590 977 2666 Rolandi,
1001 2601 1113 2652 sancte
1129 2591 1278 2652 Romane
1302 2588 1437 2651 ecclesie
1457 2588 1628 2669 presbiteri
1652 2589 1824 2652 cardinalis

153 2689 186 2739 et
218 2676 415 2739 cancellarii.
460 2677 536 2739 Idus
567 2678 661 2740 Febr.
707 2679 889 2741 indictione
920 2679 1070 2742 secunda.
1123 2679 1357 2741 lncamationis
1388 2678 1551 2740 dominice
1587 2698 1673 2740 anno
1704 2690 1823 2741 McL111.

150 2767 372 2829 Pontificatus
395 2785 473 2827 vero
498 2766 611 2829 domni
635 2766 801 2829 Anastasii
825 2788 913 2849 pape
936 2784 985 2829 1111
1009 2789 1094 2830 anno
1118 2769 1234 2849 primo.

317 2879 442 2944 Abschrifl
456 2894 511 2928 vom
533 2883 563 2930 12
585 2881 677 2946 Jahrb.
697 2882 737 2930 des
758 2882 813 2930 eod.
836 2882 910 2932 ottob.
931 2884 980 2931 687
995 2890 1022 2947 p.
1045 2884 1085 2941 12,
1103 2881 1129 2930 in
1147 2882 1191 2930 der
1208 2881 1269 2929 Bibe.
1294 2880 1410 2929 Vaticana
1428 2897 1457 2928 ere
1476 2882 1544 2930 Rom.

902 3168 967 3257 ΝΥ.
997 3187 1081 3258 133.

152 3309 353 3376 Anastasius
371 3309 431 3375 IV
450 3311 599 3395 bestcttegt
623 3312 696 3376 dem
719 3312 798 3377 Abte
818 3316 921 3378 Hatto
944 3337 1005 3379 von
1031 3314 1119 3379 Sesto
1146 3314 1203 3395 (D.
1232 3316 1350 3397 Lucra)
1375 3313 1437 3377 den
1474 3311 1638 3398 Vergleiclr
1667 3315 1824 3378 mildens

440 3401 590 3482 Be'scleofe
609 3401 734 3485 Gregor
746 3424 806 3467 von
821 3405 928 3468 Lucca
942 3425 1051 3487 wegen
1066 3406 1123 3468 des
1139 3403 1300 3467 Sclelosses
1316 3403 1547 3467 Montecalvole‘.

751 3521 833 3581 1154
850 3517 996 3582 Febreear
1009 3523 1058 3582 14.
1089 3521 1238 3582 Lateran.

322 3633 518 3697 ANastasius
541 3635 725 3715 episcopus,
748 3655 858 3697 servus
881 3655 1047 3698 servorum
1072 3637 1133 3710 dei,
1158 3637 1277 3699 dilecto
1294 3634 1360 3698 filio
1377 3632 1504 3709 Attoni‚
1528 3634 1678 3697 Sextensi
1703 3633 1825 3710 abbati,

156 3721 301 3785 salutem
325 3730 358 3784 et
380 3724 595 3804 apostolicam
619 3723 893 3786 benedictionem.
939 3725 1012 3805 Que
1036 3747 1055 3787 a
1077 3724 1149 3787 filiis
1170 3720 1174 3808 l
1196 3726 1321 3801 nostris,
1353 3724 1562 3810 ecclesiarum
1593 3722 1733 3805 prelatis,
1764 3744 1825 3804 pro

158 3811 253 3892 pacis
276 3812 369 3874 bono
392 3822 426 3874 ct
448 3813 655 3898 ecclesiarum
679 3814 788 3894 quiete
812 3815 988 3876 concordia
1002 3814 1053 3877 vel
1078 3814 1197 3877 iudicio
1221 3821 1293 3876 acta
1314 3834 1384 3875 esse
1400 3813 1694 3893 cognoscimus,“ut
1713 3808 1718 3896 Ι
1739 3812 1826 3874 nulla

158 3902 291 3981 possint
322 3902 354 3963 in
387 3910 553 3981 posterum
593 3901 809 3982 refragatione
847 3902 1006 3985 confringi
1038 3904 1090 3965 vel
1130 3903 1267 3977 turbari,
1306 3901 1488 3983 apostolice
1518 3902 1605 3964 sedis
1634 3902 1825 3963 auctoritate

158 3988 313 4051 volumus
346 3989 528 4053 confirmari
560 4001 593 4054 et
622 3992 655 4053 in
685 4012 743 4053 sua
773 3990 950 4054 stabilitate
981 3992 1115 4054 firmiter
1152 3993 1315 4054 custodiri.
1368 3991 1586 4054 Concordiam
1624 3991 1719 4072 igitur
1757 3991 1825 4052 sive

158 4079 375 4153 sententiam,
409 4100 474 4161 qua
505 4080 613 4143 dilecti
647 4080 701 4142 filii
735 4081 836 4142 nostri
867 4080 1038 4156 Martinus,
1071 4081 1174 4143 abbas
1201 4082 1303 4143 sancti
1328 4081 1452 4155 Savini,
1484 4081 1703 4153 LamfrancuS,
1737 4080 1826 4159 prior

158 4168 264 4229 sancti
289 4169 442 4244 Fridiani,
474 4189 572 4250 super
594 4170 822 4243 controversia,
856 4189 919 4250 que
943 4171 1027 4232 inter
1053 4180 1086 4233 te
1115 4181 1146 4232 et
1168 4169 1387 4233 venerabilem
1411 4169 1542 4231 fratrem
1572 4179 1717 4230 nostrum
1748 4167 1824 4231 Gre-

158 4256 290 4336 gorium
307 4255 343 4337 ³),
374 4255 542 4321 Lucanum
565 4259 766 4339 episcopum,
798 4258 840 4320 de
863 4267 969 4320 castro
992 4259 1113 4321 montis
1138 4259 1260 4322 Calvuli
1276 4256 1304 4338 ⁴)
1332 4266 1365 4320 et
1386 4259 1547 4338 expensis,
1579 4257 1624 4319 ibi
1649 4257 1750 4330 factis,
1784 4256 1825 4319 de

158 4356 208 4406 xL
230 4344 321 4408 libris
344 4346 537 4409 Lucensium
562 4348 777 4421 denariorum,
810 4366 830 4409 a
853 4347 1049 4427 quibusdam
1073 4347 1242 4410 monachis
1265 4347 1432 4410 Sextensis
1457 4347 1642 4409 monasterii
1667 4347 1825 4427 episcopo

158 4434 344 4497 Benedicto
368 4436 460 4511 datis,
492 4436 533 4498 de
563 4437 738 4499 medietate
761 4446 917 4498 terrarum
948 4446 981 4499 et
1011 4437 1185 4511 fructuum,
1219 4456 1281 4520 que
1313 4436 1439 4498 fuerunt
1461 4436 1612 4511 Rainerii‚
1644 4434 1699 4497 filii
1722 4436 1824 4510 Binie,

159 4523 203 4585 de
227 4524 357 4586 duobus
380 4525 583 4601 molendinis,
608 4546 690 4607 quos
706 4525 874 4588 Sextcnsis
891 4525 994 4588 abbas
1010 4526 1042 4588 in
1059 4526 1156 4588 fluvio
1172 4525 1335 4588 Iussciane
1350 4525 1473 4600 habuit,
1498 4526 1539 4588 de
1558 4525 1661 4587 tribus
1676 4522 1825 4604 portibus

159 4613 193 4673 in
217 4614 320 4693 aquis,
343 4613 388 4675 ibi
413 4615 606 4696 propinquis
629 4613 851 4688 existentibus,
876 4614 973 4676 etde
997 4615 1085 4677 lucro
1110 4615 1186 4677 inde
1209 4624 1375 4696 percepto,
1400 4626 1498 4696 atque
1519 4614 1589 4676 aliis
1605 4613 1824 4694 querimoniis

158 4713 273 4763 nostra
298 4701 368 4764 freti
398 4705 589 4766 auctoritate
617 4703 863 4785 promulgarunt
886 4713 919 4765 et
941 4705 1051 4785 scripti
1080 4705 1127 4766 sui
1157 4706 1278 4785 pagina
1308 4724 1367 4784 per
1390 4724 1522 4765 manum
1553 4702 1706 4765 scriniarii
1737 4701 1826 4764 edita

157 4790 365 4866 roborarunt,
396 4812 456 4854 nos
487 4794 679 4855 auctoritate
709 4794 796 4855 sedis
826 4793 1006 4873 apostolice
1039 4792 1281 4864 confirmamuS,
1314 4802 1346 4855 et
1379 4793 1657 4874 quemadmodum
1688 4791 1720 4852 in
1752 4792 1824 4870 ipso

157 4880 326 4943 autentico
350 4882 472 4962 scripto
495 4882 678 4944 rationabili
703 4881 910 4962 providentia
934 4882 1121 4943 distinctum
1145 4892 1202 4957 est,
1231 4892 1333 4944 ratam
1357 4893 1390 4944 et
1413 4881 1636 4944 inconvulsam
1659 4880 1825 4961 perpetuis

157 4969 363 5050 temporibus
393 4990 583 5051 permanere
614 4971 826 5034 decernimus.
872 4970 959 5033 Nulli
988 4990 1065 5051 ergo
1090 4972 1224 5033 omnino
1248 4970 1417 5033 hominum
1441 4971 1489 5033 fas
1512 4971 1560 5046 sit,
1591 4968 1684 5032 huius
1715 4979 1824 5030 nostre

157 5057 417 5121 confirmationis
447 5061 602 5140 paginam
634 5060 805 5122 temerario
836 5079 914 5121 ausu
947 5059 1120 5141 infringere
1150 5081 1206 5122 seu
1243 5060 1350 5121 modis
1390 5059 1589 5141 quibuslibet
1626 5058 1824 5140 perturbare.

157 5146 192 5209 Si
217 5147 292 5226 quis
324 5148 422 5228 igitur
452 5148 484 5209 id
516 5158 711 5231 attemptare
734 5148 967 5229 presumpserit
997 5157 1043 5223 et,
1074 5150 1219 5211 secundo
1250 5150 1388 5211 tertiove
1412 5149 1638 5223 commonitus,
1670 5148 1729 5209 nisi
1754 5167 1823 5227 pre·

157 5236 381 5316 sumptionem
404 5257 496 5299 suam
520 5258 664 5319 congrua
678 5237 900 5300 satisfactione
916 5232 1113 5320 corlrexerit,
1138 5258 1210 5300 reus
1235 5237 1468 5318 indignationis
1484 5237 1664 5318 apostolice
1680 5246 1826 5299 teneatur

156 5335 189 5388 et
213 5324 434 5388 ecclesiastice
457 5326 588 5389 ultionis
611 5326 891 5389 animadversione
915 5326 1074 5389 multetur.
1099 5361 1142 5371 -
1164 5329 1239 5390 Dat.
1261 5324 1265 5412 Ι
1285 5327 1446 5402 Laterani,
1470 5341 1545 5389 XVII
1567 5325 1620 5389 Kl.
1645 5327 1739 5388 Mart.

185 5460 267 5467 ...ao—
460 5461 581 5467 ----.--

320 5506 345 5567 t)
366 5499 508 5568 Pinguem.
581 5512 608 5567 2)
627 5503 729 5551 Saintes.
812 5506 838 5564 3)
862 5502 959 5567 Greger,
977 5502 1080 5566 Br'scles
1092 5518 1139 5550 reon
1158 5503 1252 5562 Lueca,
1273 5504 1448 5552 rim-1163.
1519 5507 1547 5565 4)
1567 5501 1742 5561 Mentecalvoli,
1766 5517 1825 5551 com.

154 5574 180 5622 in
202 5574 321 5633 Tuscana,
335 5581 408 5639 prov.
426 5574 455 5623 di
470 5574 581 5634 Fieense,
606 5575 661 5623 circ.
680 5574 708 5622 di
724 5572 749 5622 S.
769 5572 884 5623 etenim.
920 5573 958 5621 Di
975 5573 1145 5623 Montecalvolr'
1162 5572 1174 5622 ὲ
1191 5575 1304 5623 memoria
1328 5575 1379 5624 sino
1402 5575 1448 5623 dal
1463 5575 1522 5635 738,
1546 5575 1573 5624 in
1590 5590 1629 5624 cue
1646 5574 1668 5622 il
1687 5589 1782 5623 vescovo
1800 5574 1827 5622 de'

154 5647 244 5709 Laeca,
264 5646 307 5696 che
323 5646 352 5696 vi
367 5660 443 5696 avena
457 5646 634 5712 giun‘sdieione,
653 5641 764 5695 cmaeri
782 5647 807 5693 la
825 5645 902 5693 chiesa
920 5645 948 5692 di
963 5645 989 5694 S.
1012 5645 1115 5712 Georgia.
1153 5646 1243 5706 Anias,
1261 5647 1401 5696 Dr'eimeaeio
1425 5647 1449 5695 V
1456 5654 1485 5711 p.
1504 5649 1564 5698 310.
