3982 6194
1777 284 1835 332 111

319 459 399 522 Dat.
422 457 544 545 Signie,
575 477 636 538 per
665 477 799 519 manum
822 454 973 531 Bosonis,
1004 463 1117 541 sancte
1139 455 1290 541 Romane
1321 454 1457 540 ecclesie
1481 456 1657 539 scriptoris.
1702 473 1740 518 111
1763 456 1840 520 Idus

156 546 318 609 Decemb.
365 548 549 611 Indictione
571 561 630 609 xv.
676 546 912 610 lncamationis
936 544 1100 607 dominice
1124 564 1211 606 anno
1234 557 1330 607 MCLI.
1375 545 1588 610 Pontificatus
1617 567 1695 609 vero
1725 545 1838 610 domni

155 637 313 699 Euceun
339 636 399 700 ΡΡ.
424 654 463 698 111
487 657 574 699 anno
598 648 657 699 vn.

323 750 367 800 Or.
388 749 479 815 (Capit.
499 751 527 799 di
545 751 643 816 Pistoja‚
666 753 731 799 1151
750 749 808 799 Dic.
830 752 879 810 11),
899 749 931 798 im
950 748 1064 799 Archivio
1081 749 1108 797 di
1124 749 1191 798 Staio
1209 765 1238 796 zu
1257 747 1366 797 Florem.

323 823 395 889 Perg.
412 822 473 881 ital,
492 824 528 872 br.
546 825 635 882 0,493,
662 825 722 888 lang
739 823 825 882 O‚665,
844 828 917 870 unten
935 837 955 870 r.
976 823 1055 880 0,035
1073 821 1263 886 umgtscllagen,
1287 820 1365 868 durch
1383 820 1441 869 nuti
1456 821 1550 869 delrer
1563 821 1620 887 geht
1636 819 1686 869 eine
1703 822 1840 887 urspriing·

155 895 201 943 liet
227 911 285 943 rosa
304 894 490 953 Seidmsclmur,
515 895 586 943 deren
605 894 732 960 Bln'sr'cgel
752 895 798 943 lose
822 893 937 943 erhaltm.
976 892 1083 958 Faltmrg
1105 895 1149 942 der
1165 894 1262 941 Bullen.
1299 892 1412 940 lnitiale:
1425 892 1514 958 stache,
1539 893 1650 942 vernierte
1678 892 1840 956 Urrcialsorm.

163 967 241 1015 ΗΜ(
258 967 305 1016 der
320 974 397 1015 ersten
416 966 478 1014 Zeile
491 967 622 1032 gmit'gend
632 973 751 1031 getrennt,
770 965 906 1014 wiederlolt
922 965 953 1012 ist
971 964 1009 1013 ein
1027 964 1164 1029 dreisaclrer
1182 964 1409 1027 anpeliiberprmkt
1425 966 1450 1012 in
1470 965 1665 1028 Sdulenstellung
1687 965 1840 1029 angnvandt.

161 1036 321 1104 l'ereudgung
346 1038 394 1087 n'r.
412 1038 429 1087 3
450 1038 577 1103 Jhpuxx,
602 1036 783 1100 starksrmhig,
802 1038 870 1101 fitllt
891 1039 961 1097 0,07.
998 1036 1129 1100 dbnscript
1152 1036 1207 1084 sehr
1229 1036 1315 1084 snuber
1340 1037 1505 1101 eingelragen‚
1532 1038 1570 1101 ost
1595 1043 1619 1085 ct
1646 1036 1701 1084 und
1717 1044 1739 1084 st
1763 1035 1840 1084 durch

156 1109 302 1174 :wigsachen
320 1109 595 1174 Spimnr'ckelschndrktl
608 1110 754 1162 verbunden.
790 1108 903 1173 eoppa-i
925 1110 971 1157 das
988 1109 1065 1156 zweite
1080 1109 1237 1173 geschwiimt.
1275 1105 1401 1172 Majuskel
1418 1109 1480 1156 nach
1505 1109 1608 1156 stnrkem
1629 1107 1727 1156 J’untn
1744 1107 1840 1156 hervor-

152 1181 262 1245 gctohm.
308 1181 455 1231 Zeilmwer'te
473 1184 561 1241 omo.
597 1184 674 1230 Amen
693 1182 740 1230 Nr.
762 1179 829 1239 7x²,
854 1181 965 1230 mittleres
990 1181 1066 1239 0,0.'›5
1092 1183 1158 1245 lang.
1198 1179 1255 1226 Fiir
1278 1179 1315 1226 dfe
1343 1179 1419 1228 rcchle
1441 1180 1574 1229 Srilenlr‘m'c
1594 1179 1681 1247 finden
1708 1178 1757 1226 sich
1784 1179 1842 1228 zwcr'

156 1253 313 1312 Stickrtihm,
340 1254 377 1302 die
399 1254 443 1300 der
460 1253 541 1301 llum
566 1253 653 1301 tadhere
675 1254 738 1301 hatte
761 1253 811 1301 eine
834 1259 906 1301 etwas
929 1252 1027 1318 scliriige
1045 1252 1115 1301 Linie
1135 1251 1234 1317 gegeben
1257 1251 1313 1298 und
1328 1252 1412 1299 emcrde
1433 1251 1528 1300 deshalb
1554 1252 1621 1300 nicht
1642 1252 1741 1298 benrctct.
1778 1252 1840 1298 Rom

156 1324 203 1375 r'l‘r.
223 1330 247 1383 1,
273 1324 453 1374 Durclrmesser
470 1325 556 1384 0,Οό8,
584 1340 633 1373 von
655 1326 700 1374 der
722 1327 802 1373 lemen
827 1324 889 1373 Ztile
908 1326 996 1387 o,005,
1020 1339 1067 1372 von
1091 1325 1134 1373 der
1159 1323 1239 1371 linkm
1261 1322 1342 1370 librate
1360 1325 1446 1383 0,097,
1473 1339 1527 1372 vom
1554 1322 1722 1388 lllotrogramm
1752 1324 1838 1381 0,168.

157 1395 331 1461 ilfmrogrnmm
350 1396 396 1445 Nr.
418 1399 455 1456 7⁸,
479 1396 538 1444 koch
563 1399 651 1456 0‚057,
677 1397 736 1446 breit
753 1398 840 1455 nost,
865 1412 912 1444 von
936 1396 979 1445 der
1003 1395 1096 1444 rechten
1119 1396 1200 1443 librate
1223 1396 1309 1452 0,]25.
1345 1395 1481 1459 Ringkreua
1504 1395 1560 1442 rand
1579 1394 1741 1458 lahtersclm'st
1765 1393 1842 1443 sicher

156 1467 251 1517 dieselbe
268 1469 347 1517 Divite
364 1468 420 1516 und
435 1468 538 1517 schwcrc
556 1467 642 1517 Hand.
683 1467 819 1533 Umschn'ft
832 1467 946 1532 gelbliclre
964 1468 1052 1526 Divite,
1077 1467 1144 1516 ruehl
1162 1482 1210 1514 non
1236 1466 1278 1513 dcr
1297 1465 1403 1530 gleichcn
1428 1467 1464 1514 die
1483 1467 1622 1531 Datinmg,
1650 1465 1708 1513 doch
1733 1481 1780 1513 von
1799 1466 1842 1514 der

157 1539 237 1587 Hand
252 1540 294 1587 des
311 1539 627 1603 llmrptkerperschreibers,
652 1540 760 1589 Bosonis
785 1540 858 1587 dorin
875 1555 923 1588 von
948 1539 1078 1587 dunklerer
1095 1540 1170 1588 nime
1193 1538 1348 1602 eingelragen.
1386 1539 1434 1587 nie
1453 1538 1635 1603 Zengenfirmm
1652 1538 1728 1601 κίχοι
1742 1552 1840 1601 grossm

160 1611 240 1658 Theils
256 1620 332 1660 tenter
348 1611 398 1660 siclt
416 1612 453 1660 die
467 1612 558 1677 gleiche
575 1611 660 1671 Hand,
682 1612 758 1661 sicher
775 1612 813 1660 die
836 1614 916 1661 letzim
942 1611 995 1659 ἄντί
1015 1611 1149 1660 Diaknncn.
1185 1605 1221 1675 ‹l-
1235 1610 1291 1672 Ego
1305 1609 1362 1660 GG.
1387 1610 1512 1674 presbiter
1536 1609 1671 1658 cardinalis
1695 1607 1754 1656 steht
1776 1608 1841 1656 links

156 1698 202 1730 ann
229 1683 275 1732 der
298 1683 382 1732 linkm
410 1684 553 1743 serenante,
581 1685 639 1732 weil
664 1685 701 1732 die
728 1684 816 1732 Firma
843 1700 888 1731 vor
915 1683 958 1731 der
975 1685 1037 1731 Rota
1064 1683 1140 1731 criden
1161 1682 1234 1730 sollte.
1272 1681 1320 1729 nie
1344 1682 1441 1746 iibriem
1467 1682 1489 1730 E
1515 1681 1560 1730 der
1583 1680 1688 1730 I'n'estcr
1710 1680 1786 1729 rechts
1807 1696 1841 1728 nn

155 1754 199 1801 der
217 1754 363 1805 Seifenlr'nie.

907 2064 974 2141 Nr.
1006 2067 1091 2140 107.

155 2215 274 2299 Eugcn
298 2215 365 2278 Ill
383 2211 501 2278 nr'mmt
522 2214 584 2278 das
609 2212 741 2278 Klostcr
767 2213 935 2279 Casanooa
958 2215 1018 2296 (D.
1051 2215 1181 2292 Terina)
1206 2215 1239 2277 in
1266 2213 1499 2297 apostolisclren
1522 2212 1657 2289 Selium,
1691 2214 1842 2298 bestcitigt

631 2306 718 2368 scine
747 2303 964 2388 Ordensregel
982 2305 1051 2368 und
1072 2304 1309 2368 Besitntlnlmer
1325 2307 1363 2390 ¹)

789 2442 876 2503 1152
900 2440 999 2503 Miirz
1021 2442 1050 2502 1.
1096 2437 1207 2521 Segni.

318 2572 485 2654 Eugenius
501 2573 686 2656 episcopus,
711 2595 821 2637 servus
837 2595 1002 2638 servorum
1021 2574 1082 2647 dei,
1099 2573 1226 2636 dilectis
1242 2572 1314 2635 filiis
1331 2572 1497 2649 Alberic0,
1519 2574 1632 2637 abbati
1650 2573 1838 2636 monasterii

154 2663 197 2724 de
213 2662 301 2726 Casa
318 2683 414 2737 nova,
438 2664 571 2744 eiusque
596 2664 756 2740 fratribus,
781 2674 849 2727 tam
872 2664 1079 2746 presentibus
1104 2684 1202 2744 quam
1220 2663 1342 2737 futuris,
1367 2664 1546 2744 regularem
1562 2665 1664 2726 vitam
1683 2663 1839 2744 professis

154 2765 193 2814 IN
213 2764 293 2813 PPM.
318 2788 362 2797 —
383 2749 388 2837 Ι
409 2751 570 2832 Quotiens
595 2753 673 2815 illud
697 2775 716 2815 a
740 2753 837 2816 nobis
860 2755 989 2835 petitur,
1015 2753 1104 2834 quod
1129 2752 1276 2833 religioni
1301 2759 1334 2814 et
1356 2750 1520 2815 honestati
1538 2754 1712 2815 convenire
1729 2753 1838 2815 dinos-

154 2843 247 2916 citur,
279 2842 393 2903 animo
424 2862 484 2904 nos
516 2841 611 2904 decet
643 2842 756 2905 libenti
788 2843 969 2905 concedere
1000 2852 1033 2904 et
1063 2843 1245 2922 petentium
1270 2841 1438 2904 desideriis
1462 2838 1655 2924 conlgruum
1680 2843 1837 2922 impertiri

153 2931 356 3012 suffragium.
402 2931 598 3011 Eapropter‚
631 2931 740 2994 dilecti
771 2933 803 2994 in
836 2932 971 2994 domino
1004 2930 1069 3007 filii,
1101 2932 1216 2993 vestris
1246 2931 1338 2992 iustis
1361 2931 1638 3012 postulationibus
1662 2930 1840 2994 clementer

153 3021 331 3083 annuimus
355 3030 388 3082 et
411 3020 573 3102 prefatam
593 3019 598 3104 1
619 3021 791 3083 ecclesiam
814 3020 856 3084 de
881 3021 1060 3095 Casanova,
1087 3021 1118 3082 in
1143 3040 1208 3101 qua
1231 3020 1342 3081 divino
1367 3021 1544 3102 mancipati
1566 3023 1643 3084 estis
1666 3020 1837 3102 obsequio,

153 3108 216 3172 sub
226 3109 318 3172 beati
330 3110 416 3171 Petri
433 3118 465 3171 et
478 3121 591 3171 nostra
605 3113 811 3191 protectione
827 3111 1021 3191 suscipimus
1037 3120 1070 3172 et
1085 3110 1245 3191 presentis
1261 3110 1372 3190 scripti
1390 3111 1572 3191 patrocinio
1590 3110 1839 3173 communimus

154 3199 191 3261 ln
222 3199 339 3280 primis
371 3198 534 3279 siquidem
563 3209 759 3276 statuentes,
801 3211 835 3262 ut
866 3201 948 3262 ordo
980 3200 1195 3272 monasticus,
1236 3199 1291 3279 qui
1323 3199 1502 3260 secundum
1538 3200 1590 3262 dei
1622 3201 1774 3262 timorem
1806 3209 1840 3262 et

155 3288 417 3351 Cistertiensium
460 3288 593 3350 fratrum
633 3290 875 3352 observantiam
917 3289 949 3350 in
983 3288 1101 3350 eodem
1133 3288 1207 3349 loco
1239 3298 1372 3350 auctore
1404 3288 1540 3350 domino
1572 3289 1738 3351 institutus
1769 3310 1839 3351 esse
1881 3333 1884 3341 .

155 3377 346 3450 dinoscitur,
370 3379 539 3459 perpetuis
562 3378 685 3440 ibidem
709 3378 914 3459 temporibus
938 3376 1169 3439 inviolabiliter
1188 3377 1387 3439 observetur.
1433 3378 1591 3453 Preterea‚
1617 3399 1840 3460 quascumque

153 3466 393 3548 possessiones
418 3486 624 3553 quecumque
647 3468 735 3530 bona
758 3468 875 3530 eadem
892 3467 1030 3530 ecclesia
1046 3467 1077 3528 in
1095 3467 1332 3548 presentiarum
1354 3467 1436 3528 iuste
1457 3477 1490 3529 et
1512 3468 1670 3530 canonice
1691 3468 1841 3548 possidet

155 3567 212 3619 aut
236 3558 270 3618 in
287 3555 432 3617 futurum
448 3557 660 3619 concessione
676 3556 878 3638 pontificum,
905 3557 1076 3637 largitione
1093 3576 1206 3636 regum
1221 3556 1272 3618 vel
1289 3556 1483 3636 principum,
1508 3557 1678 3619 oblatione
1695 3556 1840 3619 fidelium

155 3667 211 3708 seu
247 3645 319 3707 aliis
351 3645 442 3708 iustis
473 3646 588 3720 modis
619 3656 787 3728 prestante
818 3646 968 3719 domino,
1001 3646 1124 3727 poterit
1146 3645 1292 3726 adipisci,
1326 3643 1419 3706 firma
1442 3646 1537 3707 vobis
1560 3647 1741 3728 vestrisque
1771 3668 1840 3709 suc-

157 3734 343 3797 cessoribus
367 3745 399 3797 et
423 3735 548 3796 illibata
571 3746 793 3816 permaneant.
839 3736 875 3798 In
900 3734 1018 3816 quibus
1041 3735 1102 3796 hec
1119 3735 1260 3815 propriis
1277 3734 1429 3796 duximus
1444 3734 1614 3797 vocabulis
1638 3736 1839 3799 denotanda:

159 3825 276 3899 locum,
304 3825 335 3886 in
370 3842 436 3904 quo
461 3824 569 3904 ipsum
600 3826 833 3887 monasterium
857 3825 954 3887 situm
979 3834 1037 3898 est,
1060 3824 1189 3885 vineam
1223 3823 1264 3885 de
1287 3824 1448 3886 Tevoleto
1480 3832 1513 3886 et
1541 3844 1655 3887 nemus
1679 3825 1720 3887 de
1745 3824 1840 3887 Cara·

159 3933 288 3995 magna.
336 3912 423 3976 Sane
447 3910 596 3975 laborum
620 3925 811 3989 vestrorum,
837 3935 920 3996 quos
944 3914 1085 3995 propriis
1110 3913 1260 3974 manibus
1284 3922 1339 3975 aut
1362 3914 1548 3994 sumptibus
1575 3915 1690 3989 colitis
1714 3916 1782 3977 sive
1800 3915 1841 3976 de

159 4003 365 4066 nutrimentis
396 4011 579 4064 vestrorum
614 4004 802 4066 animalium
842 4002 947 4065 nullus
980 4003 1115 4064 omnino
1146 4022 1165 4063 a
1195 4001 1291 4063 vobis
1325 4002 1469 4064 decimas
1499 4015 1667 4084 presumat
1699 4005 1840 4084 exigere.

159 4091 374 4155 Decernimus
399 4111 486 4172 erg0,
512 4101 546 4153 ut
570 4092 646 4154 nulli
672 4094 807 4155 omnino
824 4093 994 4154 hominum
1011 4091 1115 4165 liceat,
1140 4091 1302 4170 prefatam
1323 4090 1495 4154 ecclesiam
1512 4103 1634 4155 temere
1650 4094 1840 4174 perturbare

159 4192 212 4244 aut
244 4181 315 4244 eius
349 4181 576 4262 possessiones
609 4182 733 4245 auferre
756 4182 808 4245 vel
837 4182 965 4244 ablatas
995 4181 1140 4254 retinere,
1172 4181 1317 4242 minuere
1344 4201 1400 4243 seu
1425 4181 1588 4262 aliquibus
1609 4182 1841 4244 vexationibus

160 4271 305 4352 fatigare,
337 4270 395 4332 sed
428 4270 539 4332 omnia
572 4271 697 4334 illibata
730 4282 762 4334 et
794 4272 919 4352 integra
947 4279 1179 4333 conserventur
1202 4289 1323 4344 eorum,
1356 4289 1417 4351 pro
1442 4290 1578 4351 quorum
1602 4271 1841 4351 gubernatione

159 4380 194 4422 ac
225 4360 466 4423 sustentatione
498 4379 654 4422 concessa
684 4370 759 4423 sunt
789 4361 900 4423 usibus
925 4359 1124 4422 omnimodis
1147 4359 1326 4439 profutura.
1373 4358 1408 4422 Si
1434 4380 1498 4441 qua
1523 4361 1619 4442 igitur
1642 4361 1674 4422 in
1699 4360 1841 4423 futurum

158 4449 379 4512 ecclesiastica
401 4448 595 4511 secularisve
617 4469 759 4531 persona
781 4450 866 4512 hanc
890 4459 1000 4511 nostre
1024 4448 1266 4510 constitutionis
1290 4448 1446 4528 paginam
1474 4451 1589 4525 sciens,
1622 4461 1736 4512 contra
1767 4470 1841 4512 eam

157 4551 281 4602 temere
304 4539 416 4600 venire
440 4540 658 4619 temptaverit,
683 4539 828 4602 secundo
853 4540 991 4602 tertiove
1016 4539 1227 4612 commonita,
1258 4539 1317 4600 nisi
1342 4541 1625 4620 presumptionem
1649 4560 1741 4601 suam
1765 4559 1840 4601 con-

156 4649 236 4710 grua
266 4627 493 4691 satisfactione
526 4630 718 4704 correxerit,
755 4628 929 4710 potestatis
961 4628 1162 4708 honorisque
1192 4627 1239 4688 sui
1282 4626 1440 4707 dignitate
1479 4638 1588 4692 careat
1620 4649 1775 4709 reamque
1806 4650 1841 4691 se

157 4719 268 4781 divino
294 4717 412 4780 iuditio
437 4717 576 4779 existere
601 4718 642 4780 de
666 4729 856 4801 perpetrata
878 4717 1050 4798 iniquitate
1074 4723 1254 4796 cognoscat
1277 4726 1352 4778 eta
1380 4719 1599 4781 sacratissimo
1632 4737 1771 4799 corpore
1803 4739 1842 4781 ac

155 4809 315 4889 sanguine
333 4805 386 4868 dei
404 4815 437 4868 et
453 4806 586 4881 domini,
604 4807 822 4888 redemptoris
845 4808 946 4869 nostri
963 4806 1033 4868 lesu
1050 4804 1179 4881 Christi,
1204 4805 1310 4867 aliena
1333 4804 1398 4867 fiat.
1436 4806 1570 4871 Cunctis
1591 4817 1708 4882 autem,
1733 4807 1840 4870 eidem

156 4897 228 4960 loco
254 4898 342 4959 iusta
362 4890 368 4979 Ι
389 4895 607 4970 servantibuS,
639 4897 681 4959 sit
713 4917 781 4978 pax
812 4896 936 4958 domini
969 4896 1069 4957 nostri
1094 4895 1164 4956 lesu
1198 4894 1334 4969 Christi,
1368 4906 1529 4976 quatenus
1561 4909 1593 4961 et
1624 4897 1677 4959 hic
1702 4897 1841 4959 fructum

154 4988 282 5049 actonis
322 4986 413 5071 bone
443 4985 627 5066 percipiant
659 4996 692 5048 et
723 4986 811 5068 apud
840 5005 1028 5067 supremum
1061 4983 1202 5046 iudicem
1235 4984 1362 5065 premia
1396 4995 1506 5074 eterne
1536 4988 1628 5069 pacis
1659 4987 1840 5050 obtineant.

153 5076 273 5140 Amen.
298 5076 394 5141 A·m.
417 5070 537 5136 Amen.

373 5160 435 5244 (R)
458 5163 532 5245 Ego
556 5163 721 5245 Eugenius
746 5164 907 5252 catholice
930 5162 1066 5249 ecclesie
1090 5163 1266 5244 episcopus
1290 5183 1331 5224 ss.
1357 5162 1424 5247 (M)

416 5253 491 5333 Ego
514 5252 654 5315 Ymarus
676 5254 881 5316 Tusculanus
904 5255 1080 5335 episcopus
1103 5273 1143 5314 ss.

416 5337 490 5424 Ego
514 5341 670 5405 Nicolaus
693 5339 893 5407 Albanensis
917 5343 1093 5426 episcopus
1117 5363 1157 5404 ss

370 5431 392 5511 †
415 5431 489 5513 Ego
513 5432 613 5514 Hugo
637 5433 823 5496 Hostiensis
847 5434 1023 5516 episcopus
1046 5450 1087 5494 ss.
1112 5432 1158 5511 (4)

176 5592 390 5602 --.---——--.—--

319 5656 344 5717 t)
371 5651 449 5719 l'ergl.
468 5653 506 5704 dic
527 5652 588 5704 Ure.
605 5670 659 5703 notre
677 5655 713 5705 23
732 5655 808 5704 Antra
832 5657 903 5704 1189.
