3982 6194
1814 246 1864 308 99

173 408 328 489 episcopi
351 408 404 471 vel
427 410 588 491 priorum,
619 414 674 491 qui
707 412 882 496 locopositi
912 414 1127 488 nominantur,
1159 413 1303 474 matricis
1331 410 1467 498 ecclesie
1491 414 1792 476 excommunicetur
1815 425 1857 490 et,

173 497 266 574 quod
291 496 335 559 ab
359 500 518 581 episcopo
543 499 677 582 ligatum
702 501 804 576 fuerit,
828 522 847 564 a
870 502 997 564 nemine
1021 503 1146 564 irritum
1169 502 1244 563 duci
1266 510 1454 584 temptetur.
1494 497 1581 564 Sane
1597 501 1733 564 civitatis
1749 514 1857 591 vestre

174 584 284 647 clerici
311 594 353 659 et,
378 587 431 668 qui
456 590 488 649 in
511 589 676 653 suburbiis
699 600 783 666 sunt,
806 590 918 653 solitas
934 590 1148 663 obedientias,
1170 589 1323 652 videlicet
1338 592 1370 651 in
1386 589 1519 665 letaniis,
1542 592 1575 652 in
1593 593 1858 673 processionibus

173 675 416 749 communibus,
450 678 480 739 in
512 677 745 742 festivitatibus
778 689 812 742 et
834 679 1029 742 stationibus
1053 679 1182 742 maioris
1206 678 1342 765 ecclesie
1366 679 1472 741 eidem
1495 679 1689 760 impendant
1711 681 1856 756 ecclesie,

173 770 208 824 ut
232 763 405 826 vobiscum
429 766 546 828 adsint.
593 754 696 831 Porro
726 771 759 831 in
791 770 902 855 quinte
935 766 1014 854 ferie
1040 777 1137 830 nocte
1160 775 1236 830 ante
1260 765 1383 849 pascha
1406 767 1492 829 nulla
1514 766 1653 831 ecclesia
1676 769 1855 833 secundum

174 872 302 914 morem
326 860 433 939 vestre
457 854 592 942 ecclesie
616 877 792 939 campanas
814 865 918 932 sonet,
942 877 1049 937 neque
1073 860 1106 920 in
1129 856 1268 919 sabbato
1292 864 1408 919 sancto
1433 876 1564 919 cereum
1594 857 1782 932 benedicat,
1805 868 1857 921 set

172 941 214 1002 ad
248 940 453 1022 baptismum
483 945 623 1026 predicti
656 945 761 1009 clerici
793 966 836 1009 ex
866 947 1104 1009 consuetudine
1134 948 1274 1008 veniant.
1326 945 1425 1008 Nulla
1459 954 1608 1027 preterea
1645 946 1853 1010 ecclesiarum

172 1031 291 1092 missas
313 1031 515 1114 sollempnes
546 1033 690 1098 celebret
713 1037 744 1097 in
767 1035 945 1099 festivitate
972 1036 1060 1098 beati
1085 1033 1214 1097 Martini
1246 1043 1278 1097 et
1306 1037 1410 1097 sancti
1434 1035 1551 1115 Reguli
1584 1043 1618 1097 et
1648 1037 1681 1097 in
1711 1037 1859 1098 secunda

172 1117 252 1180 feria
288 1118 413 1206 pasche
445 1130 478 1184 et
507 1122 539 1184 in
573 1124 837 1204 processionibus
868 1124 1132 1210 quadragesime,
1172 1125 1279 1186 donec
1310 1125 1459 1186 stationis
1490 1122 1635 1186 solvatur
1665 1133 1855 1188 conventus.

171 1205 290 1269 Nullus
328 1209 428 1272 etiam
467 1210 658 1275 clericorum
696 1213 841 1276 officium
870 1216 1018 1277 vivorum
1051 1222 1108 1275 aut
1141 1221 1360 1287 mortuorum,
1399 1214 1441 1275 ad
1478 1213 1647 1275 matricem
1681 1213 1853 1276 ecclesiam

171 1297 351 1377 pertinens,
374 1297 483 1361 facere
499 1301 550 1363 vel
572 1299 738 1364 celebrare
754 1312 930 1384 presumat.
968 1301 1025 1364 Ad
1042 1300 1104 1389 hec
1119 1302 1298 1364 adicientes
1314 1301 1494 1376 statuimus,
1517 1310 1553 1364 ut
1567 1301 1694 1389 decime
1710 1305 1856 1365 matricis

171 1384 312 1472 ecclesie
335 1386 379 1449 ab
402 1385 462 1462 his,
487 1391 542 1469 qui
566 1390 720 1466 tribuunt,
744 1412 810 1453 non
826 1391 1023 1465 fraudentur,
1048 1400 1082 1453 et
1104 1389 1191 1453 nulla
1215 1411 1269 1454 eas
1293 1390 1450 1452 clericalis
1466 1409 1607 1472 persona
1623 1390 1784 1473 subripiat
1799 1401 1856 1454 aut

171 1474 341 1537 diminuat
387 1475 477 1540 Nulli
501 1480 601 1541 etiam
625 1481 783 1562 episcopo
807 1480 912 1555 liceat,
943 1481 1086 1561 aliquem
1119 1480 1260 1542 matricis
1284 1479 1420 1565 ecclesie
1445 1480 1639 1542 canonicum
1662 1480 1772 1543 officio
1796 1502 1853 1544 seu

170 1562 335 1627 beneficio
352 1565 422 1628 sine
437 1569 596 1630 canonico
613 1570 741 1649 privare
756 1569 887 1632 iudicio.
926 1569 1012 1633 Sane
1028 1570 1194 1631 caritativa
1210 1567 1262 1630 illa
1279 1567 1426 1630 ciborum
1441 1566 1609 1641 beneficia,
1632 1587 1697 1647 que
1719 1570 1763 1632 ab
1787 1572 1853 1651 epi·

170 1655 282 1734 scopis
305 1656 432 1728 vestris,
462 1657 531 1718 sive
554 1666 723 1737 presentes
739 1658 807 1720 sive
836 1659 990 1721 absentes
1012 1657 1139 1732 fuerint,
1162 1660 1194 1720 in
1217 1656 1503 1739 sollempnioribus
1527 1657 1617 1719 festis
1641 1659 1852 1721 consuevistis

169 1743 334 1823 accipere,
357 1743 455 1806 vobis
469 1747 652 1825 vestrisque
669 1748 809 1828 posteris
825 1757 895 1810 rata
911 1749 1112 1829 precipimus
1129 1756 1162 1809 et
1185 1745 1311 1808 illibata
1327 1748 1457 1808 servari.
1497 1747 1657 1819 Preterea,
1682 1765 1853 1826 quascum-

169 1848 234 1908 que
257 1833 496 1912 possessiones,
520 1854 727 1915 quecumque
751 1836 839 1899 bona
862 1839 895 1899 in
919 1836 1155 1918 presentiarum
1179 1838 1263 1898 iuste
1287 1844 1320 1897 et
1344 1837 1499 1897 canonice
1523 1836 1710 1916 possidetis,
1741 1844 1796 1898 aut
1820 1838 1852 1898 in

168 1917 313 1983 futurum
332 1923 545 1986 concessione
561 1923 761 2005 pontificum,
777 1925 947 2008 largitione
962 1945 1076 2005 regum
1089 1924 1141 1986 vel
1154 1925 1344 2006 principum,
1366 1923 1532 1986 oblatione
1547 1921 1692 1986 fidelium
1708 1944 1766 1987 seu
1782 1925 1853 1987 aliis

168 2008 259 2070 iustis
280 2010 391 2072 modis
410 2011 477 2074 deo
497 2014 644 2094 propitio
668 2016 819 2095 poteritis
835 2015 983 2096 adipisci,
1003 2013 1097 2076 firma
1111 2013 1208 2075 vobis
1223 2015 1406 2093 vestrisque
1421 2012 1664 2075 successoribus
1680 2022 1713 2076 et
1729 2013 1853 2076 illibata

168 2106 396 2177 permaneant.
434 2101 471 2162 ln
487 2101 607 2182 quibus
623 2100 684 2189 hec
701 2105 843 2185 propriis
860 2104 1015 2165 duximus
1031 2103 1248 2183 exprimenda
1263 2101 1447 2164 vocabulis:
1480 2100 1653 2164 ecclesiam
1669 2102 1712 2164 de
1729 2103 1851 2165 Massa·

167 2205 275 2266 grosa,
299 2186 471 2273 ecclesiam
494 2190 537 2251 de
554 2189 709 2267 Fabialla,
733 2192 907 2255 ecclesiam
930 2193 973 2254 de
989 2190 1119 2256 Gualdo
1144 2200 1175 2252 et
1199 2191 1280 2253 duas
1300 2190 1454 2253 ecclesias
1477 2191 1520 2252 de
1537 2190 1646 2252 Massa
1666 2194 1850 2265 macinaria,

168 2274 341 2339 ecclesiam
375 2277 418 2339 de
441 2276 575 2354 Villore,
606 2279 778 2343 ecclesiam
810 2283 852 2344 de
877 2280 1016 2354 Ciciana,
1047 2278 1218 2343 ecclesiam
1250 2281 1337 2343 beati
1362 2277 1539 2342 Concordii
1571 2281 1663 2342 iuxta
1685 2278 1849 2343 Arsinam.

167 2361 385 2427 Decernimus
408 2385 497 2447 ergo,
521 2377 557 2430 ut
580 2368 655 2430 nulli
680 2372 814 2432 omnino
831 2370 1001 2432 hominum
1017 2369 1121 2443 liceat,
1145 2368 1306 2450 prefatam
1329 2367 1499 2430 ecclesiam
1516 2376 1640 2430 temere
1657 2369 1850 2450 perturbare

166 2461 223 2514 aut
253 2455 325 2515 eius
355 2457 580 2535 possessiones
613 2457 739 2520 auferre
761 2459 813 2521 vel
844 2458 970 2521 ablatas
1002 2459 1150 2532 retinere,
1182 2459 1328 2520 minuere
1352 2476 1410 2518 seu
1432 2456 1594 2537 aliquibus
1618 2457 1847 2520 vexationibus

168 2539 312 2623 fatigare,
336 2554 388 2605 set
411 2545 520 2606 omnia
536 2546 661 2628 integra
678 2555 910 2611 conserventur
926 2567 1047 2620 eorum,
1072 2567 1133 2629 pro
1151 2566 1290 2628 quorum
1306 2546 1544 2627 gubernatione
1560 2554 1594 2607 et
1609 2549 1847 2609 sustentatione

168 2649 327 2693 concessa
349 2640 433 2707 sunt,
465 2633 577 2696 usibus
600 2637 796 2698 omnimodis
820 2636 997 2718 profutura,
1020 2635 1108 2698 salva
1131 2636 1218 2697 sedis
1242 2634 1424 2720 apostolice
1447 2636 1642 2697 auctoritate
1666 2643 1699 2696 et
1721 2634 1846 2698 Lucani

167 2721 319 2802 episcopi
343 2724 501 2784 canonica
529 2725 660 2787 iustitia.
707 2723 743 2788 Si
767 2746 833 2807 qua
864 2727 963 2806 igitur
991 2727 1023 2787 in
1056 2725 1197 2787 futurum
1229 2723 1447 2786 ecclesiastica
1476 2724 1671 2785 secularisve
1695 2744 1846 2805 persona,

165 2807 251 2872 hanc
273 2817 386 2896 nostre
409 2812 650 2876 constitutionis
665 2817 820 2896 paginam
843 2817 956 2888 sciens,
972 2821 1086 2876 contra
1102 2833 1175 2875 eam
1191 2820 1314 2876 temere
1330 2814 1441 2875 venire
1461 2812 1678 2894 temptaverit,
1700 2813 1847 2875 secundo

166 2899 308 2961 tertiove
339 2901 557 2976 commonita,
592 2904 619 2964 si
652 2923 718 2965 non
750 2903 974 2966 satisfactione
1004 2923 1150 2983 congrua
1178 2903 1410 2976 emendaverit,
1440 2901 1612 2983 potestatis
1642 2900 1845 2982 honorisque

164 2988 216 3048 sui
237 2987 400 3068 dignitate
421 2998 531 3051 careat
552 3010 708 3072 reamque
724 3012 760 3054 se
780 2993 892 3055 divino
907 2993 1027 3054 iudicio
1043 2994 1184 3054 existere
1201 2992 1243 3053 de
1259 2999 1448 3072 perpetrata
1468 2992 1640 3069 iniquitate
1657 2999 1845 3073 cognoscat,

164 3084 200 3136 et
222 3096 242 3138 a
263 3078 487 3140 sacratissimo
511 3099 651 3161 corppre
685 3101 724 3143 ac
754 3082 909 3163 sanguine
933 3081 987 3143 dei
1015 3089 1049 3142 et
1081 3080 1213 3153 domini,
1245 3079 1462 3161 redemptoris
1494 3080 1594 3140 nostri
1617 3078 1691 3142 Iesu
1716 3078 1845 3154 Christi,

162 3162 270 3226 aliena
293 3164 361 3239 fiat,
384 3173 484 3245 atque
507 3169 539 3228 in
564 3177 714 3232 extremo
739 3173 890 3233 examine
913 3170 1059 3234 districte
1083 3168 1199 3231 ultioni
1222 3169 1397 3231 subiaceat.
1443 3165 1573 3229 Cunctis
1593 3175 1713 3244 autem,
1737 3169 1844 3231 eidem

161 3253 236 3316 loco
260 3255 346 3316 iusta
367 3253 371 3339 Ι
391 3256 604 3331 servantibus,
628 3261 670 3320 sit
693 3280 760 3340 pax
783 3260 907 3321 domini
931 3259 1031 3321 nostri
1051 3257 1123 3320 lesu
1140 3256 1269 3332 Christi,
1293 3258 1443 3338 quatinus
1467 3255 1573 3319 ethic
1598 3255 1737 3319 fructum
1755 3258 1844 3320 bone

160 3344 300 3405 actionis
324 3344 509 3425 percipiant
539 3354 572 3408 et
598 3349 687 3430 apud
712 3348 896 3410 districtum
925 3349 1066 3410 iudicem
1091 3348 1216 3428 premia
1244 3354 1356 3409 eterne
1387 3346 1476 3428 pacis
1507 3346 1679 3408 inveniant.
1725 3346 1844 3409 Amen.

159 3430 252 3493 A-m.
276 3432 402 3494 Amen.
428 3469 468 3478 -

378 3519 435 3604 (R)
458 3521 531 3604 Ego
555 3522 720 3605 Eugenius
745 3523 903 3610 catholice
927 3523 1063 3611 ecclesie
1087 3524 1262 3605 episcopus
1287 3542 1328 3584 ss.
1352 3519 1418 3604 (M)

378 3612 399 3688 i
422 3609 496 3691 Ego
519 3610 676 3675 Nicolaus
700 3612 898 3676 Albanensis
922 3613 1096 3695 episcopus
1119 3633 1161 3673 ss,
1186 3611 1243 3692 (5).

377 3734 422 3744 —
444 3700 464 3778 †
487 3699 560 3781 Ego
584 3700 757 3764 Hubaldus
781 3702 944 3784 presbiter
968 3700 1139 3763 cardinalis
1162 3703 1209 3762 tit.
1235 3710 1349 3763 sancte
1373 3700 1532 3762 Praxedis
1556 3720 1598 3761 ss.
1649 3774 1658 3791 Δ

376 3789 398 3862 l
421 3787 494 3869 Ego
519 3790 708 3852 Manfredus
732 3791 895 3873 presbiter
918 3789 1086 3852 cardinalis
1110 3792 1156 3852 tit.
1180 3800 1292 3876 sancte
1317 3790 1434 3874 Savine
1458 3810 1499 3851 ss.
1523 3787 1576 3872 (5)

378 3873 399 3958 i
422 3876 495 3958 Ego
519 3877 676 3941 Iordanus
700 3881 863 3962 presbiter
886 3879 1058 3941 cardinalis
1081 3881 1128 3940 tit
1153 3885 1265 3965 sancte
1289 3877 1436 3962 Susanne
1460 3877 1597 3940 ecclesie
1620 3896 1661 3939 ss.
1685 3874 1739 3960 (1)

376 4000 422 4010 —
443 3969 465 4044 †
487 3965 560 4049 Ego
585 3966 667 4030 Otto
692 3970 848 4031 diaconus
871 3967 1038 4031 cardinalis
1060 3968 1163 4029 sancti
1187 3966 1321 4049 Georgii
1345 3968 1387 4029 ad
1411 3966 1530 4029 Velum
1553 3985 1687 4028 aureum
1711 3984 1753 4026 ss.

375 4054 397 4133 †
419 4055 493 4136 Ego
518 4055 716 4120 Octavianus
740 4059 896 4120 diaconus
920 4056 1091 4119 cardinalis
1113 4059 1218 4119 sancti
1240 4055 1391 4118 Nicholai
1414 4057 1446 4117 in
1471 4075 1601 4118 carcere
1623 4053 1775 4116 Tulliano
1799 4074 1842 4116 ss.

378 4141 398 4224 †
421 4141 494 4225 Ego
520 4144 698 4228 Gregorius
722 4149 881 4209 diaconus
905 4145 1076 4208 cardinalis
1099 4148 1202 4208 sancti
1227 4143 1349 4225 Angeli
1375 4164 1418 4205 ss.
1740 4166 1748 4176 ·

376 4231 397 4312 †
419 4231 491 4314 Ego
518 4231 625 4298 Guido
649 4237 807 4298 diaconus
831 4235 1000 4297 cardinalis
1023 4244 1134 4320 sancte
1159 4234 1262 4318 Marie
1286 4235 1318 4296 in
1341 4235 1471 4296 Porticu
1495 4254 1536 4295 ss.
1562 4232 1609 4314 (2)

321 4317 398 4382 Dat.
423 4318 544 4403 Signie,
572 4344 633 4405 per
656 4345 788 4387 manum
811 4326 973 4397 BoSONIS,
1004 4333 1117 4410 sancte
1140 4323 1288 4408 Romane
1312 4321 1451 4384 ecclesie
1474 4322 1654 4403 scriptoris.
1700 4331 1763 4381 XVI
1785 4318 1840 4380 Kl.

159 4405 327 4472 Octobris.
367 4407 547 4473 Indictione
569 4427 655 4476 XIIII.
692 4414 927 4476 Incarnationis
951 4413 1113 4499 dominice
1136 4432 1221 4474 anno
1239 4423 1289 4472 MC
1306 4412 1586 4492 quinquagesimo
1626 4407 1840 4471 Pontificatus

158 4518 235 4561 vero
260 4498 377 4561 domni
400 4496 554 4562 EUGENII
577 4503 695 4565 111PP.
720 4522 806 4566 anno
830 4510 937 4564 sexto.
962 4537 1002 4546 -

324 4611 368 4662 Or.
394 4613 459 4672 (ΒΗ.
478 4613 527 4663 Nr.
547 4618 582 4680 7),
605 4615 805 4678 Ifopialurkunde
829 4616 869 4665 drr
887 4617 919 4665 13
946 4615 1037 4680 Jahrb.
1058 4614 1124 4678 (BB.
1143 4615 1188 4668 46)
1211 4614 1268 4662 und
1288 4613 1415 4676 Absclrrift
1440 4612 1481 4661 des
1505 4611 1649 4660 Bullarr'um
1669 4618 1697 4675 p.
1719 4611 1781 4670 132,
1808 4612 1840 4659 im

157 4683 272 4732 Arrkivio
294 4683 430 4747 Capr'lolare
447 4701 478 4731 au
495 4685 594 4746 Lucca;
610 4688 736 4751 Absclrrist
756 4689 785 4736 G.
811 4687 880 4736 VIII.
900 4690 996 4750 2431).
1018 4688 1076 4745 109,
1095 4686 1139 4734 der
1157 4686 1218 4734 Bibl.
1242 4684 1313 4750 Chr'gr'
1328 4701 1357 4732 zu
1375 4687 1445 4733 lr’om.

324 4754 367 4803 Or.
390 4755 457 4821 Perg.
476 4757 536 4816 aiod,
560 4759 596 4807 br.
616 4759 702 4818 0,636,
727 4762 788 4824 lang
805 4761 893 4817 0,605,
918 4765 991 4806 naim
1009 4758 1071 4816 0‚03
1088 4757 1276 4822 umgesrlrlngm,
1301 4755 1378 4804 durch
1402 4755 1460 4802 swer'
1476 4753 1569 4803 L'o'cher
1588 4754 1652 4819 gurg
1676 4753 1713 4801 die
1732 4753 1837 4811 Srlmrr,

157 4826 194 4874 die
213 4827 260 4874 mit
276 4827 331 4874 dem
350 4826 476 4893 Bleirr'egel
489 4830 605 4878 verloren.
643 4831 752 4896 Fallung
767 4832 811 4879 der
828 4831 923 4879 Bullerr.
961 4829 1074 4878 Initiale:
1096 4828 1257 4892 Uncialsorm,
1276 4828 1383 4877 venxrt.
1426 4826 1585 4890 Vercwr'gung
1601 4824 1648 4873 Nr.
1663 4826 1723 4883 ὅου,
1742 4824 1839 4872 Ir'notm

156 4899 181 4944 in
199 4899 247 4946 den
264 4897 433 4956 Buchstaben,
452 4901 523 4962 fir'llt
540 4903 625 4959 0,125.
662 4901 855 4965 Kontexlsclmsl
880 4901 980 4959 rander,
1005 4900 1043 4948 die
1062 4899 1203 4964 llfry'uskeln
1228 4901 1311 4947 betont.
1349 4898 1494 4947 Zeilenwer'te
1518 4913 1538 4945 c.
1557 4898 1640 4955 0‚015.
1678 4896 1744 4944 Drer'
1759 4897 1838 4943 Amen

156 4969 203 5017 ΝΥ.
223 4968 289 5028 71²,
308 4969 433 5018 schliessen
451 4971 489 5018 die
504 4973 569 5020 letare
587 4973 655 5021 Zeile.
693 4976 756 5022 Rota
773 4972 820 5021 Nr.
841 4975 864 5030 1,
883 4972 1061 5020 Drerchmerser
1078 4972 1166 5030 0,058,
1184 4987 1231 5019 von
1249 4971 1293 5019 der
1309 4972 1390 5018 letzten
1409 4969 1470 5018 Zeile
1488 4969 1575 5026 0,006,
1600 4982 1648 5014 von
1665 4966 1730 5015 links
1749 4968 1836 5026 0,132,

156 5056 210 5088 vom
228 5040 403 5106 Monogramm
422 5043 490 5101 036.
527 5043 698 5109 Monogrnmm
715 5045 762 5094 Nr.
782 5046 821 5102 2⁸,
840 5042 913 5092 Habe
931 5044 1018 5102 0,058,
1037 5043 1116 5091 Breite
1134 5043 1220 5104 0,038‚
1246 5058 1293 5090 von
1309 5041 1387 5089 reclus
1404 5042 1490 5099 0,145.
1521 5037 1658 5103 Riugkreuz
1675 5038 1731 5086 und
1750 5037 1839 5085 Umer-

155 5112 249 5176 sckn'fl.
261 5111 430 5170 dunkelgraue
447 5113 522 5162 Diale
530 5116 585 5177 fiir
601 5115 658 5175 sich,
681 5115 818 5180 Unuclm'st
833 5115 996 5179 braungrom,
1016 5114 1053 5162 dir
1070 5113 1167 5178 gleiche,
1191 5114 1274 5162 womr't
1297 5113 1334 5161 die
1351 5112 1480 5175 Delirung
1503 5111 1659 5174 eingetragm,
1687 5109 1753 5158 wohl
1773 5108 1837 5156 auch

155 5200 202 5233 non
216 5183 325 5249 glcr'cber
340 5183 430 5244 Hand,
455 5185 519 5233 bride
541 5186 657 5235 vieller'ckt
679 5203 734 5235 vom
752 5186 1005 5250 Konscriptsrlrreiber.
1041 5186 1089 5234 Die
1110 5185 1163 5233 vier
1179 5185 1306 5233 Diakonm
1331 5184 1389 5232 sind
1409 5191 1481 5232 unter
1498 5182 1548 5229 siclt
1571 5180 1676 5229 aiernlr'clr
1694 5181 1771 5230 sicher
1788 5195 1837 5228 von

154 5257 275 5305 derselbm
292 5255 376 5304 Hand
389 5257 445 5304 und
459 5256 567 5305 brnunm
583 5259 659 5307 Dinte
672 5259 790 5324 gemacht,
810 5258 853 5307 der
871 5257 973 5322 Brkchoj
987 5257 1110 5305 Nikolaus
1127 5256 1182 5304 und
1198 5257 1241 5305 der
1254 5255 1360 5304 Priesler
1370 5254 1476 5303 Hubatd
1490 5253 1578 5302 ruakder
1595 5259 1667 5301 unter
1684 5252 1733 5301 sich
1747 5251 1838 5318 gleirlte

149 5343 229 5394 gyrare
247 5327 327 5377 Dinte
344 5327 400 5376 und
415 5327 499 5386 Hand,
518 5328 634 5392 ebensolls
651 5338 723 5378 tenter
739 5330 788 5379 sirlr
803 5329 881 5395 gleirh
900 5329 1023 5393 Mansred
1039 5329 1094 5376 und
1113 5328 1219 5392 Jordan,
1239 5328 1315 5376 Dinte
1330 5325 1439 5392 gelblirh.

1581 5662 1636 5726 13*
1860 5558 1952 5858 A
