3974 6188
901 430 968 506 Nr.
999 435 1061 506 87.

152 567 264 649 Eugen
288 565 354 628 III
377 564 526 645 bestdtr'gt
547 562 620 625 dem
651 562 731 624 Abte
759 561 888 625 Anselm
921 585 981 627 oon
1011 564 1078 628 San
1105 564 1213 627 Pietro
1241 560 1283 625 dr'
1315 561 1402 624 Cielo
1425 559 1527 625 dOro
1555 561 1595 624 di
1623 558 1731 624 Pavia
1761 558 1818 621 die

576 650 814 715 Bcsz'totltri'mer
834 652 903 715 und
924 653 1040 716 Reclrte
1060 654 1163 716 seines
1188 649 1335 715 Klosters
1353 655 1385 730 1).

773 789 856 848 1148
871 786 948 860 Juli
964 788 992 849 7.
1030 785 1195 849 Cremona.

312 919 477 1002 Eugenius
493 922 677 1001 episcopus
701 940 811 981 servus
826 941 994 983 servorum
1012 922 1073 996 dei,
1089 921 1210 983 dilecto
1226 918 1292 982 filio
1308 918 1477 992 anselmo,
1501 918 1613 981 abbati
1630 916 1818 979 monasterii

153 1009 254 1071 sancti
278 1010 371 1082 Petri,
396 1010 486 1088 quod
510 1009 627 1070 dicitur
650 1007 764 1071 Celum
788 1030 929 1085 aureum,
952 1011 1084 1089 eiusque
1107 1008 1347 1072 successoribus
1372 1007 1560 1089 regulariter
1581 1004 1817 1069 substituendis

153 1112 192 1162 IN
222 1110 298 1158 ΡΡΜ.
325 1134 369 1142 -
403 1097 408 1181 Ι
444 1098 525 1160 Cum
557 1100 701 1159 omnium
732 1097 939 1160 ecclesiarum
973 1102 1073 1179 quieti
1105 1108 1139 1161 et
1167 1098 1295 1160 utilitati
1326 1118 1368 1160 ex
1400 1099 1543 1159 iniuncto
1575 1095 1670 1158 nobis
1702 1115 1721 1156 a
1752 1094 1818 1154 deo

154 1187 357 1269 apostolatus
381 1185 491 1249 officio
515 1195 649 1268 patema
671 1186 886 1250 sollicitudine
913 1189 1081 1250 intendere
1108 1188 1297 1261 debeamus,
1320 1186 1445 1248 illarum
1466 1198 1575 1248 tamen
1599 1183 1819 1255 ecclesiarum,

155 1296 219 1356 que
241 1285 354 1337 sancte
376 1276 524 1338 Romane
547 1275 681 1337 ecclesie
703 1277 778 1338 iuris
806 1279 956 1351 existunt,
989 1286 1080 1339 tanto
1113 1277 1252 1357 amplius
1273 1272 1277 1360 Ι
1298 1296 1407 1337 curam
1440 1294 1553 1356 gerere
1583 1293 1643 1335 nos
1676 1279 1818 1353 oportet,

155 1372 277 1446 quanto
300 1365 472 1446 specialius
497 1367 565 1452 ipse
589 1364 769 1452 apostolice
793 1367 862 1428 sedi
892 1367 1048 1429 adherere
1071 1375 1255 1427 noscuntur.
1300 1366 1449 1438 Proinde,
1479 1363 1597 1425 dilecte
1627 1364 1660 1424 in
1684 1360 1818 1422 domino

154 1453 209 1528 fili,
239 1451 397 1516 Anselme
428 1453 549 1527 abbas,
579 1457 642 1515 tuis
670 1455 760 1516 iustis
792 1454 1066 1536 postulationibus
1098 1454 1289 1517 clementius
1320 1462 1515 1525 annuentes,
1547 1452 1818 1534 predecessorum

156 1551 349 1617 nostrorum,
372 1543 473 1604 felicis
496 1545 652 1605 memorie
677 1542 868 1604 PASCHALrs
886 1545 918 1624 χ),
943 1542 1140 1622 CALIXT13),
1164 1552 1197 1605 et
1216 1543 1427 1604 INNOOENTH
1443 1543 1476 1622 ⁴),
1500 1541 1722 1603 Romanorum
1740 1558 1819 1619 pon·

155 1631 296 1706 tificum,
327 1631 504 1694 inherendo
536 1633 677 1713 vestigiis
710 1632 796 1694 beati
819 1633 913 1707 Petri,
944 1633 1168 1714 apostolorum
1200 1634 1370 1714 principis,
1400 1632 1640 1704 monasterium,
1672 1629 1723 1690 cui
1755 1628 1818 1688 deo

155 1730 288 1783 auctore
318 1722 479 1802 presideS,
512 1721 601 1800 quod
633 1724 746 1802 utique
778 1723 864 1784 beati
895 1721 1084 1803 Augustini,
1116 1722 1262 1784 doctoris
1285 1721 1422 1802 egregii,
1459 1718 1619 1801 corporali
1656 1718 1820 1799 presentia

155 1810 335 1885 illustratur,
366 1811 524 1891 presentis
554 1809 663 1891 scripti
694 1811 863 1891 privilegio
893 1814 1141 1874 communimus.
1194 1807 1380 1873 Statuentes
1396 1809 1510 1883 enim,
1548 1817 1583 1870 ut
1613 1823 1820 1888 quecumque

156 1899 251 1972 bona,
275 1918 480 1978 quecumque
503 1900 625 1979 predia,
649 1900 772 1961 urbana
794 1902 862 1962 sive
886 1903 1012 1976 rustica,
1036 1899 1122 1962 culta
1144 1899 1195 1961 vel
1218 1899 1347 1973 inculta,
1371 1916 1576 1977 quecumque
1597 1897 1820 1978 possessiones

157 1990 188 2050 in
210 1987 302 2061 villis,
324 1987 420 2062 silvis,
445 1991 553 2070 pratis,
577 1988 719 2062 coloniis,
743 1991 843 2050 servis
867 1999 899 2051 et
928 1990 1051 2051 ancillis
1079 2009 1135 2050 seu
1165 1988 1359 2062 aldionibus,
1390 1989 1421 2049 in
1445 1987 1599 2073 ecclesiis,
1630 1988 1661 2047 in
1686 1983 1820 2046 decimis

157 2077 299 2139 omnium
331 2076 448 2157 ubique
478 2086 633 2139 terrarum
667 2080 874 2152 rusticorum,
907 2079 1168 2141 domnicatorum
1199 2087 1232 2139 et
1264 2077 1465 2139 familiarium
1505 2077 1574 2137 sive
1606 2073 1755 2156 primitiis
1778 2070 1819 2132 ad

156 2173 298 2228 vestrum
330 2167 499 2228 cenobium
533 2169 747 2229 concessione
778 2167 985 2248 pontificum,
1016 2168 1188 2248 largitione
1221 2186 1332 2247 regum
1356 2166 1408 2227 vel
1432 2166 1624 2246 principum,
1654 2162 1822 2224 oblatione

157 2254 301 2316 fidelium
324 2274 382 2316 seu
405 2255 472 2316 aliis
491 2255 579 2316 iustis
604 2256 709 2317 modis
732 2256 763 2316 in
778 2259 1011 2337 presentiarum
1028 2257 1192 2338 pertinent
1206 2263 1262 2317 aut
1277 2255 1307 2316 in
1323 2255 1474 2326 futurum,
1498 2254 1655 2335 largiente
1676 2252 1822 2324 domin0,

158 2345 245 2406 idem
269 2346 502 2406 monasterium
525 2346 609 2407 iuste
632 2348 753 2426 poterit
776 2346 918 2426 adipisci,
942 2344 1034 2407 firma
1056 2346 1116 2407 tibi
1140 2345 1267 2424 tuisque
1289 2344 1531 2406 successoribus
1555 2351 1588 2405 et
1610 2340 1735 2403 illibata
1750 2358 1821 2420 per-

158 2441 317 2494 maneant.
364 2431 517 2495 Obeunte
539 2453 617 2496 vero
641 2443 682 2508 te,
705 2455 789 2496 nunc
813 2435 958 2497 eiusdem
976 2433 1040 2496 loci
1056 2434 1185 2509 abbate,
1209 2433 1404 2495 veltuorum
1421 2431 1570 2513 quolibet
1585 2448 1821 2504 successorum,

158 2521 264 2584 nullus
288 2522 333 2583 ibi
357 2522 505 2601 qualibet
526 2525 737 2604 surreptionis
760 2525 878 2585 astutia
900 2543 957 2586 seu
981 2523 1134 2585 violentia
1157 2531 1365 2604 preponatur,
1388 2524 1447 2583 nisi
1472 2540 1569 2600 quem
1594 2520 1709 2581 fratres
1733 2538 1822 2580 com·

160 2613 248 2673 muni
271 2630 440 2686 consensu,
464 2611 514 2673 vel
537 2611 670 2673 fratrum
695 2632 770 2692 pars
794 2612 918 2675 consilii
942 2613 1086 2686 sanioris,
1109 2613 1287 2673 secundum
1312 2612 1365 2673 dei
1389 2613 1539 2673 timorem
1564 2618 1597 2671 et
1616 2609 1703 2672 beati
1719 2608 1823 2670 Bene-

159 2700 237 2761 dicti
268 2700 412 2780 regulam
444 2701 642 2781 providerint
672 2701 866 2782 eligendum.
912 2700 1043 2764 Electus
1073 2710 1181 2763 autem
1213 2701 1256 2762 ad
1279 2699 1462 2762 Romanum
1495 2697 1680 2781 pontificem
1709 2716 1822 2758 conse·

160 2789 298 2850 crandus
330 2789 473 2851 accedat.
525 2788 685 2865 Chrisma,
717 2790 824 2852 oleum
857 2799 1020 2864 sanctum,
1051 2792 1313 2852 consecrationes
1342 2789 1490 2852 altarium
1520 2809 1577 2851 seu
1609 2786 1823 2859 basilicarum,

160 2878 379 2940 ordinationes
410 2876 646 2940 monachorum
677 2898 734 2940 seu
767 2881 995 2942 canonicorum
1026 2887 1217 2952 vestrorum,
1250 2880 1306 2957 qui
1336 2879 1378 2940 ad
1408 2898 1519 2941 sacros
1547 2877 1666 2939 fuerint
1690 2875 1823 2937 ordines

160 2966 385 3048 promovendi,
415 2987 434 3028 a
467 2986 673 3047 quocumque
697 2967 873 3030 malueritis
902 2967 1061 3030 catholico
1091 2968 1270 3049 suscipiatis
1301 2969 1467 3050 episcopo,
1499 2967 1660 3046 siquidem
1685 2964 1823 3045 gratiam

160 3056 248 3118 sedis
273 3055 455 3142 apostolice
478 3054 636 3118 habuerit.
683 3055 798 3119 Missas
820 3075 954 3136 quoque
977 3057 1124 3138 publicas
1148 3057 1179 3119 in
1203 3056 1321 3119 eodem
1353 3059 1550 3118 monasterio
1581 3055 1737 3118 celebrari
1768 3060 1824 3114 aut

158 3147 332 3207 stationem
356 3154 411 3206 aut
433 3146 596 3224 synodum
619 3144 670 3207 vel
693 3146 928 3209 ordinationem
952 3146 1090 3226 aliquam
1115 3156 1223 3228 preter
1246 3146 1373 3207 abbatis
1388 3146 1589 3207 voluntatem
1604 3145 1824 3224 abepiscopo

160 3233 306 3315 quolibet
329 3233 395 3295 fieri
420 3233 640 3315 prohibemus
685 3234 741 3297 Ad
765 3234 826 3322 hec
851 3239 995 3317 presenti
1019 3237 1162 3317 capitulo
1192 3236 1369 3297 adicientes
1402 3235 1583 3322 dalmatice,
1616 3235 1720 3304 mitre,
1751 3250 1824 3292 san-

161 3322 320 3385 daliorum
351 3343 411 3385 nec
440 3344 506 3385 non
536 3323 783 3403 cyrothecarum
815 3345 907 3386 usum
938 3334 972 3386 et
997 3326 1079 3386 inter
1101 3324 1317 3386 itinerandum
1337 3328 1365 3404 ²)
1389 3325 1514 3404 insigne
1536 3321 1740 3386 tintinnabuli
1763 3319 1825 3381 tibi

160 3414 289 3491 tuisque
304 3413 552 3488 successoribus,
575 3421 608 3475 et
631 3414 663 3475 in
677 3433 757 3495 sepe
773 3414 861 3476 dicto
885 3416 1083 3476 monasterio
1106 3413 1302 3495 baptismum
1319 3413 1350 3473 in
1366 3412 1509 3494 paschali
1532 3412 1775 3492 sollempnitate
1794 3407 1825 3493 b)

162 3521 221 3583 per
249 3501 412 3563 subiectos
444 3502 538 3563 vobis
569 3501 704 3564 clericos
737 3502 803 3564 fieri
832 3504 921 3565 iuxta
952 3505 1221 3585 predecessorum
1244 3510 1428 3564 nostrorum
1457 3510 1577 3565 statuta
1603 3500 1824 3575 concedimus,

161 3590 272 3671 sicque
294 3590 337 3652 ab
361 3591 449 3652 omni
471 3592 547 3672 iugo
571 3611 627 3653 seu
651 3592 773 3653 ditione
797 3594 1029 3673 cuiuscumque
1052 3611 1192 3679 persone
1215 3600 1358 3653 vestrum
1386 3591 1558 3654 cenobium
1589 3590 1727 3653 liberum
1752 3608 1824 3671 per·

162 3699 293 3741 manere
315 3681 484 3753 sancimus
507 3688 543 3741 ut
565 3679 625 3742 soli
640 3688 752 3742 sancte
767 3680 915 3743 Romane
939 3689 971 3742 et
994 3681 1174 3766 apostolice
1197 3681 1333 3743 ecclesie
1355 3680 1521 3742 subditum
1545 3679 1712 3743 habeatur.
1758 3678 1824 3740 De-

162 3771 322 3830 cernimus
352 3788 440 3850 ergo,
472 3777 506 3830 ut
536 3768 612 3831 nulli
643 3771 778 3832 omnino
810 3769 978 3833 hominum
1009 3770 1117 3844 liceat,
1149 3772 1413 3851 prenominatum
1443 3769 1674 3832 monasterium
1699 3777 1824 3831 temere

162 3857 352 3938 perturbare
384 3867 440 3919 aut
470 3858 536 3919 eius
568 3861 792 3939 possessiones
822 3859 949 3922 auferre
978 3861 1029 3921 vel
1062 3858 1186 3922 ablatas
1208 3861 1363 3932 retinere,
1397 3860 1540 3921 minuere
1577 3869 1633 3921 aut
1662 3857 1825 3937 aliquibus

161 3946 389 4009 vexationibus
413 3947 557 4028 fatigare,
584 3956 635 4009 set
658 3949 766 4010 omnia
788 3948 913 4030 integra
936 3958 1165 4012 conserventur
1187 3968 1309 4022 eorum,
1341 3969 1401 4028 pro
1424 3968 1562 4030 quorum
1586 3947 1825 4029 gubernatione

162 4043 195 4096 et
218 4037 452 4098 sustentatione
476 4055 633 4099 concessa
655 4045 737 4111 sunt,
761 4036 869 4099 usibus
894 4039 1090 4100 omnimodis
1114 4037 1291 4119 profutura,
1315 4036 1404 4098 salva
1428 4039 1459 4098 in
1476 4037 1626 4100 omnibus
1642 4036 1824 4120 apostolice

162 4125 249 4186 sedis
271 4125 470 4188 auctoritate.
516 4122 551 4187 Si
575 4144 639 4204 qua
662 4125 757 4207 igitur
778 4126 967 4189 infuturum
992 4127 1210 4190 ecclesiastica
1225 4124 1418 4213 secularisve
1438 4146 1587 4207 persona,
1609 4124 1701 4188 hanc·
1714 4133 1826 4187 nostre

163 4215 403 4277 constitutionis
427 4216 578 4295 paginam
601 4217 715 4290 sciens,
739 4224 853 4278 contra
875 4236 947 4278 eam
977 4225 1101 4278 temere
1132 4216 1240 4278 venire
1263 4217 1480 4296 temptaverit,
1511 4215 1655 4303 secundo
1686 4215 1826 4277 tertiove

163 4305 373 4378 commonita,
394 4303 420 4364 si
443 4324 509 4365 non
530 4304 752 4367 satisfactione
775 4325 917 4387 congrua
940 4305 1166 4379 emendaverit,
1190 4306 1364 4384 potestatis
1386 4304 1585 4385 honorisque
1605 4306 1654 4367 sui
1669 4304 1827 4384 dignitate

163 4402 273 4453 careat
302 4411 456 4471 reamque
486 4411 522 4455 se
556 4394 665 4456 divino
697 4392 817 4456 iudicio
850 4397 990 4457 existere
1023 4396 1065 4456 de
1095 4401 1281 4476 perpetrata
1314 4394 1483 4474 iniquitate
1517 4400 1712 4476 cognoscat,
1744 4401 1777 4456 et
1807 4412 1827 4455 a

161 4482 379 4543 sacratissimo
402 4501 540 4563 corpore
563 4502 601 4544 ac
624 4483 778 4563 sanguine
806 4485 859 4545 dei
884 4493 917 4546 et
939 4484 1071 4557 domini,
1095 4483 1311 4563 redemptoris
1342 4485 1443 4545 nostri
1466 4485 1537 4546 lesu
1561 4483 1689 4556 Christi,
1722 4482 1828 4545 aliena

163 4567 227 4644 fiat,
257 4580 355 4649 atque
378 4570 408 4632 in
432 4580 581 4632 extremo
604 4573 753 4633 examine
776 4572 921 4635 districte
952 4573 1065 4634 ultioni
1089 4572 1262 4633 subiaceat.
1284 4570 1288 4653 l
1309 4570 1440 4634 Cunctis
1463 4582 1581 4648 autem,
1610 4573 1717 4635 eidem
1751 4572 1827 4633 loco

163 4678 222 4720 sua
246 4661 314 4721 iura
336 4659 549 4733 servantibus
580 4662 622 4722 sit
652 4681 719 4742 pax
748 4661 873 4724 domini
897 4662 997 4724 nostri
1021 4663 1092 4723 lesu
1116 4659 1241 4733 Christi,
1273 4661 1420 4739 quatinus
1444 4662 1552 4723 ethic
1576 4660 1715 4724 fructum
1739 4660 1828 4723 bone

164 4749 299 4811 actionis
327 4749 506 4831 percipiant
538 4757 571 4810 et
600 4751 688 4832 apud
715 4750 900 4813 districtum
925 4752 1064 4813 iudicem
1089 4749 1213 4832 premia
1236 4758 1345 4836 eterne
1368 4753 1457 4831 pacis
1488 4751 1658 4814 inveniant.
1683 4786 1728 4798 -
1751 4748 1828 4811 Am.

164 4837 240 4900 Am.
263 4838 338 4901 Am.

375 4925 428 5007 (R)
449 4925 522 5006 Ego
545 4926 711 5007 Eugenius
736 4928 895 5013 catholice
918 4930 1053 5016 ecclesie
1077 4930 1252 5010 episcopus
1275 4949 1315 4990 ss
1340 4925 1400 5011 (Μ)

376 5050 419 5059 -
442 5017 462 5094 †
485 5016 558 5096 Ego
581 5015 753 5079 Hubaldus
776 5019 937 5098 presbiter
960 5017 1132 5080 cardinalis
1155 5020 1202 5079 tit.
1226 5026 1337 5080 sancte
1359 5016 1515 5080 Praxedis
1537 5034 1579 5080 ss.

374 5103 395 5184 i
417 5103 490 5185 Ego
514 5103 684 5168 Hubaldus
707 5107 869 5187 presbiter
891 5108 1060 5169 cardinalis
1082 5109 1131 5168 tit.
1154 5109 1256 5169 sancti
1280 5105 1432 5169 Iohannis
1456 5117 1489 5169 et
1512 5105 1601 5170 Pauli
1625 5127 1667 5170 ss.
1691 5110 1740 5189 (2)

374 5193 394 5272 †
417 5193 490 5276 Ego
513 5192 611 5276 Hugo
636 5195 796 5277 presbiter
819 5196 989 5258 cardinalis
1012 5196 1056 5257 tit
1081 5198 1113 5257 in
1135 5195 1256 5259 Lucina
1279 5216 1319 5257 ss.
1343 5197 1390 5274 (3)

374 5281 395 5363 †
418 5282 490 5363 Ego
513 5282 672 5347 lordanus
695 5286 857 5367 presbiter
879 5285 1049 5348 cardinalis
1073 5286 1119 5347 tit.
1143 5294 1256 5347 sancte
1279 5283 1425 5372 Susanne
1448 5305 1488 5347 ss.

323 5479 348 5537 α)
367 5484 416 5525 nte.
436 5477 558 5526 itinerand
577 5478 700 5528 ther'lweise
717 5480 769 5542 cus
781 5482 866 5528 Ranaer
881 5496 929 5528 oon
947 5480 1076 5529 dunklerer
1091 5480 1166 5528 Dr'rrle
1236 5479 1264 5544 b)
1283 5478 1470 5542 sollempnitati.
1489 5519 1540 5525 -,
1560 5481 1595 5539 ,1)
1627 5480 1704 5543 Vergl.
1730 5478 1768 5528 dic
1777 5479 1831 5544 sol·

161 5548 237 5611 garde
257 5546 380 5607 Urkunde,
399 5549 453 5597 und
468 5550 505 5598 dit
522 5566 576 5598 vom
597 5555 628 5599 11
647 5551 722 5614 April
736 5553 811 5600 1120.
896 5552 922 5616 2)
945 5548 1029 5617 Joffi,
1054 5554 1111 5616 Rrg.
1133 5554 1209 5600 4487.
1294 5554 1321 5614 3)
1343 5548 1422 5615 Joffc',
1448 5553 1505 5615 lr’eg.
1529 5550 1618 5600 CCCC
1621 5551 1685 5600 Vlla
1707 5550 1834 5616 (or'cllcicht

165 5615 208 5666 bot
215 5619 312 5683 frr'tlur
334 5620 384 5669 eine
400 5621 487 5669 asidera
504 5622 577 5670 Bulle
597 5623 687 5672 Caltrts
705 5623 738 5671 II
750 5622 860 5689 erislirt).
930 5629 958 5687 4)
980 5621 1058 5688 Jaffe',
1076 5626 1136 5690 Reg.
1154 5624 1245 5672 54182.
