3982 6194
377 479 421 488 -
446 441 466 524 †
489 445 563 526 Ego
586 444 749 508 Iohannes
773 465 899 526 paparo
923 447 1081 511 diaconus
1104 449 1277 512 cardinalis
1299 451 1403 513 sancti
1428 448 1567 514 Adriani
1591 473 1632 515 ss.
1658 453 1705 531 (1)

378 530 399 614 †
422 534 497 615 Ego
520 533 683 597 Iohannes
707 535 865 596 diaconus
888 537 1061 600 cardinalis
1083 547 1194 624 sancte
1219 538 1323 601 Marie
1346 560 1431 602 nove
1454 561 1495 604 ss.

323 625 400 685 Dat.
417 624 578 699 Laterani,
602 644 662 705 per
678 643 809 685 manum
827 624 1000 702 GERARDI,
1024 639 1136 712 sancte
1151 629 1302 713 Romane
1325 629 1462 716 ecclesie
1482 629 1653 711 presbiteri
1670 630 1842 692 cardinalis

157 736 196 778 ac
221 713 477 776 bibliothecarii.
517 726 568 775 1111
591 711 645 775 Kl.
670 714 788 774 Martii.
827 713 1010 778 Indictione
1034 729 1092 780 v11.
1131 718 1366 780 incarnationis
1396 719 1561 782 dominice
1584 739 1671 782 anno
1695 731 1841 782 MCXLIII.

157 803 377 868 Pontificatus
399 823 477 864 vero
503 802 616 864 domni
641 801 830 866 CELESTINI
854 816 880 866 ΙΙ
903 824 960 885 pp.
986 826 1074 869 anno
1099 808 1215 888 primo
1240 841 1283 850 -

327 917 371 966 Or.
390 916 424 964 im
441 917 515 965 Arci.
539 915 673 979 Capitolnrc
690 932 720 964 are
742 915 827 965 Veroli.

325 989 395 1054 Perg.
414 989 475 1046 itnL,
494 988 530 1037 br.
550 989 635 1045 0,566,
654 989 715 1051 larg
730 991 800 1046 0‚75,
819 995 893 1037 unten
911 989 1105 1049 0,026-0,032
1122 992 1312 1057 unigescltlagen,
1330 992 1409 1040 durch
1426 991 1485 1040 zwci
1494 992 1588 1041 Licher
1599 993 1663 1058 ging
1679 994 1716 1042 die
1734 995 1841 1054 Schnur,

159 1062 249 1112 welche
270 1059 316 1109 mit
341 1060 394 1109 dm
418 1060 545 1125 Bler'siegel
564 1060 679 1107 verlorerc
716 1058 826 1125 Fallung
842 1060 886 1108 der
902 1060 998 1110 Bulren.
1036 1062 1148 1111 Initialc:
1164 1062 1338 1128 cingeknicktcs,
1357 1064 1456 1112 betanus
1472 1065 1529 1111 und
1543 1067 1665 1114 vcraicrtcs
1683 1065 1712 1125 C,
1732 1067 1776 1115 mit
1792 1067 1842 1114 ein·

156 1142 280 1200 gerentem
297 1132 329 1181 E.
367 1132 424 1180 Dm
441 1131 464 1180 L
482 1132 542 1180 Leos
567 1131 594 1178 in
618 1131 662 1179 der
683 1139 759 1178 ersten
784 1131 846 1181 Zeile
867 1131 899 1179 ist
916 1132 992 1181 beton!
1014 1133 1106 1181 undE
1129 1134 1256 1200 cingerent.
1299 1135 1454 1200 Verewigung
1476 1135 1522 1183 Nr.
1543 1136 1659 1196 4Pruo,
1668 1137 1737 1201 su'llt
1753 1141 1840 1196 0,173.

161 1207 200 1255 Jrn
220 1203 364 1266 Konscrtpte
381 1203 418 1252 die
436 1203 532 1251 Numen
550 1203 594 1251 der
612 1201 697 1266 Pdpste
715 1202 836 1268 lalblang,
855 1204 892 1252 die
911 1203 1051 1269 Majuskeln
1068 1205 1132 1252 nach
1148 1207 1222 1254 etitem
1237 1222 1335 1272 grossen
1355 1207 1448 1256 Punktc
1465 1208 1542 1255 beton!
1557 1209 1614 1256 oder
1631 1209 1781 1274 doppellim'g,
1800 1226 1840 1257 am

160 1278 257 1327 necuter
276 1276 315 1331 Sti
334 1275 392 1338 qual
410 1276 466 1323 und
482 1274 614 1333 Clunctis),
634 1291 651 1338 g
669 1273 714 1321 mit
730 1274 923 1338 Schler'sensattel
935 1276 994 1324 oder
1010 1277 1156 1326 Halssm'ch.
1193 1279 1337 1327 Zeilenweite
1350 1281 1437 1332 01121.
1474 1279 1523 1328 Die
1539 1280 1593 1327 drei
1609 1281 1663 1328 aucit
1680 1281 1843 1329 auseirmndcr

157 1352 280 1415 gestellten
297 1349 375 1396 Amen
393 1346 441 1398 Nr.
462 1344 523 1394 71²
545 1346 667 1395 schlicssen
685 1346 722 1392 die
745 1348 809 1395 letale
827 1346 895 1395 Zeile.
933 1349 996 1396 Rota
1014 1348 1060 1396 Nr.
1079 1354 1099 1407 1,
1118 1349 1151 1396 im
1171 1350 1346 1398 Durchmesser
1358 1353 1427 1409 0,06,
1448 1367 1496 1399 von
1514 1351 1557 1398 der
1573 1352 1653 1399 lacten
1673 1352 1736 1400 Zeile
1754 1355 1813 1411 0,01
1818 1357 1839 1411 l,

160 1438 215 1470 vom
236 1420 305 1469 Mon.
326 1420 411 1478 0,255.
443 1417 613 1482 Morwgramm
634 1417 682 1465 Nr.
702 1421 736 1476 10,
756 1417 815 1465 loch
834 1420 921 1478 0,055‚
941 1419 1000 1467 breit
1016 1422 1102 1479 quia.
1139 1421 1186 1469 Dic
1207 1421 1344 1484 Umsclzrift
1365 1422 1455 1470 scheint
1471 1439 1520 1471 von
1542 1429 1616 1471 etwas
1630 1425 1735 1489 gelberer
1751 1425 1842 1488 ergener

159 1495 237 1542 Dina
254 1489 426 1540 hemnihrera
446 1489 589 1554 Ringkreuz,
608 1489 630 1537 E
648 1488 704 1536 und
712 1504 737 1537 ss
756 1489 800 1538 der
814 1490 977 1555 Unterschrrst
992 1500 1065 1540 untcr
1080 1491 1132 1539 siclt
1146 1492 1237 1556 gleiche
1255 1493 1335 1540 Hand
1350 1495 1405 1540 und
1420 1493 1458 1542 ein
1475 1494 1539 1542 klein
1557 1495 1637 1559 rucru'g
1653 1495 1740 1543 andere
1758 1497 1840 1544 Dinte.

159 1567 208 1614 Die
226 1564 357 1627 Datimng
372 1560 534 1610 abweichende
552 1561 626 1609 Dinte
644 1577 698 1608 vom
717 1560 901 1625 Hauptktirper,
927 1563 987 1611 doch
1005 1563 1071 1611 wohl
1085 1563 1122 1611 die
1136 1565 1226 1628 gleiche
1246 1564 1331 1623 Hand,
1358 1565 1464 1614 Gerardi
1483 1566 1528 1613 mit
1545 1566 1678 1615 dunklcrer
1694 1567 1769 1614 Dinte
1792 1567 1840 1615 cin·

156 1645 280 1702 gerragen.
319 1633 501 1698 ngenfirmm
524 1631 649 1682 theilweise
671 1647 720 1680 von
742 1632 780 1681 ein
807 1634 862 1681 und
885 1634 1003 1683 derselben
1026 1635 1111 1695 Hand,
1136 1635 1180 1684 der
1202 1644 1261 1684 erste
1279 1636 1378 1685 Diakon
1399 1637 1460 1686 steht
1483 1637 1536 1686 drei
1554 1638 1632 1686 Zeilen
1657 1638 1728 1703 tiefer
1743 1640 1781 1687 als
1799 1638 1841 1687 der

159 1717 219 1758 erste
236 1706 346 1772 Birthas.

919 1987 987 2062 Nr.
1019 1991 1080 2063 53.

165 2125 306 2189 Cblestin
322 2124 370 2188 II
386 2122 536 2203 bestc'itrgt
556 2121 628 2184 dem
647 2119 777 2184 Kloster
791 2119 859 2183 San
880 2119 989 2183 Pietro
1011 2118 1052 2184 dr·
1076 2118 1233 2184 Cremona
1254 2123 1342 2185 scine
1366 2123 1602 2188 Besitztln'c'mer
1622 2126 1691 2189 und
1711 2126 1837 2205 Rechte,

428 2213 539 2290 wofzir
552 2232 586 2274 es
592 2209 741 2295 jc‘z'lzrliclz
758 2213 802 2272 12
817 2209 950 2272 Denare
964 2231 1007 2273 an
1022 2211 1077 2274 die
1094 2208 1199 2274 Kurie
1212 2232 1253 2274 zu
1268 2211 1443 2276 entriclzten
1458 2213 1518 2278 hat
1536 2217 1572 2299 ¹).

787 2328 870 2387 1144
887 2326 985 2389 Mdrz
1000 2328 1031 2389 3.
1064 2326 1215 2389 Lateran.

321 2446 504 2510 Celestinus
519 2442 703 2525 episcopus
727 2463 837 2504 servus
852 2462 1018 2505 servorum
1035 2443 1096 2518 dei,
1122 2443 1248 2506 dilectis
1264 2444 1337 2506 filiis
1352 2441 1502 2520 Alberto‚
1520 2446 1632 2508 abbati
1651 2448 1837 2510 monasterii

160 2539 262 2600 sancti
279 2537 366 2600 Petri
391 2535 479 2616 apud
496 2532 702 2607 Cremonam,
726 2532 860 2612 eiusque
884 2531 1043 2607 iratribus,
1068 2542 1134 2594 tam
1152 2534 1358 2613 presentibus
1382 2553 1479 2614 quam
1504 2535 1626 2612 futuris,
1652 2536 1839 2617 regulariter

160 2626 405 2698 substituendis,
437 2624 469 2685 in
500 2631 704 2704 perpetuum.
756 2620 906 2702 Suscepti
938 2622 1103 2702 regiminis
1133 2641 1209 2683 cura
1239 2642 1300 2685 nos
1329 2634 1505 2698 ammonet,
1537 2645 1598 2706 pro
1630 2626 1837 2688 ecclesiarum

159 2725 244 2778 statu
269 2722 409 2797 paterna
432 2711 640 2775 solicitudine
671 2711 816 2790 cogitare
848 2730 971 2791 eosque
1003 2718 1117 2772 contra
1145 2731 1320 2792 pravorum
1344 2711 1515 2775 hominum
1540 2715 1701 2794 nequitias
1724 2725 1838 2796 optate

160 2805 362 2868 defensionis
403 2802 556 2883 suffragio
590 2800 778 2874 confovere,
820 2810 854 2861 ut
892 2800 1171 2881 quemadmodum
1213 2814 1323 2882 patres
1362 2802 1394 2863 in
1435 2802 1486 2863 dei
1525 2805 1651 2884 populo
1692 2804 1837 2879 dicimur,

159 2896 200 2957 ita
224 2915 287 2977 per
311 2894 364 2956 dei
388 2893 526 2974 gratiam
550 2908 656 2952 rerum
679 2888 849 2951 effectibus
872 2889 1136 2970 comprobemur.
1183 2889 1364 2970 Quocirca,
1396 2891 1505 2953 dilecti
1538 2893 1569 2953 in
1602 2893 1737 2955 domino
1771 2893 1837 2968 filii,

159 2985 273 3047 vestris
307 2984 399 3045 iustis
429 2977 708 3062 postulationibus
738 2978 922 3058 apostolica
953 2978 1155 3059 benignitate
1193 2980 1447 3042 accomodamus
1477 3000 1653 3057 assensum,
1685 2992 1718 3044 et
1749 2982 1835 3044 beati

158 3074 241 3136 Petri
268 3071 520 3143 monasterinm,
551 3070 584 3130 in
617 3086 682 3147 quo
715 3067 825 3128 divino
858 3068 1035 3149 mancipati
1067 3069 1144 3129 estis
1175 3067 1345 3149 obsequi0,
1380 3089 1452 3130 cum
1478 3070 1631 3133 omnibus
1663 3071 1705 3132 ad
1730 3071 1836 3153 ipsum

158 3161 399 3244 pertinentibus
422 3159 465 3222 ad
489 3156 659 3238 exemplar
681 3155 950 3237 predecessorum
974 3166 1167 3231 nostrorum,
1198 3165 1310 3219 sancte
1343 3158 1578 3221 recordationis
1606 3160 1753 3242 Gregorii
1779 3173 1836 3236 VII,

157 3252 308 3327 Pascalis,
332 3249 452 3313 Calixti
477 3258 510 3310 et
532 3246 723 3320 Innocentii,
747 3246 973 3308 Romanorum
997 3244 1198 3327 pontificum,
1230 3246 1412 3327 apostolice
1435 3248 1521 3310 sedis
1552 3249 1724 3330 privilegio
1748 3270 1835 3312 com-

157 3342 331 3404 munimus.
377 3338 574 3412 Statuentes,
599 3343 634 3396 ut
658 3354 881 3415 quascumque
904 3336 1138 3416 possessiones,
1164 3354 1369 3416 quecumque
1393 3335 1481 3398 bona
1504 3338 1620 3399 eadem
1644 3339 1780 3401 ecclesia
1804 3341 1836 3401 in

156 3430 395 3512 presentiarum
420 3429 502 3490 iuste
525 3433 558 3489 et
582 3425 739 3487 canonice
762 3424 912 3505 possidet
935 3434 990 3485 aut
1013 3425 1042 3486 ei
1067 3423 1219 3505 legitimis
1242 3424 1386 3486 fidelium
1418 3425 1651 3489 donationibus
1680 3430 1779 3489 etiam
1803 3429 1836 3490 in

157 3520 300 3582 futurum
332 3516 546 3579 concessione
577 3512 780 3595 pontificum,
813 3513 1007 3576 liberalitate
1038 3533 1150 3594 regum
1181 3514 1232 3574 vel
1262 3514 1459 3595 principum,
1492 3515 1660 3578 oblatione
1690 3516 1834 3579 fidelium

157 3630 212 3672 seu
237 3609 309 3671 aliis
334 3607 425 3669 iustis
448 3605 556 3667 modis
581 3605 645 3666 deo
669 3602 815 3683 propitio
838 3604 960 3683 poterit
983 3601 1129 3683 adipisci,
1158 3602 1250 3663 firma
1273 3603 1368 3665 vobis
1391 3604 1571 3685 vestrisque
1594 3607 1835 3669 successoribus

158 3706 189 3761 et
213 3698 343 3760 illibata
365 3700 589 3778 permaneant.
636 3692 670 3752 ln
696 3692 815 3772 quibus
838 3691 898 3753 hec
929 3691 1070 3773 propriis
1101 3692 1252 3754 duximus
1275 3692 1443 3755 vocabulis
1475 3695 1680 3757 annotanda:
1719 3696 1834 3758 cellam

156 3787 311 3850 videlicet
335 3786 439 3848 sancti
454 3783 554 3857 Pauli,
579 3780 738 3863 capellam
762 3787 873 3842 sancte
891 3781 1001 3855 Marie,
1025 3781 1128 3842 sancti
1146 3781 1315 3843 Michaelis
1339 3789 1372 3842 et
1392 3783 1495 3843 sancti
1511 3781 1667 3858 Bassiani,
1692 3783 1835 3848 decimas

158 3877 199 3939 de
222 3875 425 3957 Aqualonga
454 3883 487 3935 et
518 3872 559 3935 de
583 3870 699 3934 Castro
728 3870 837 3931 veteri.
884 3869 1038 3933 Obeunte
1069 3890 1147 3931 vero
1172 3880 1213 3943 te,
1246 3891 1330 3932 nunc
1363 3871 1509 3933 eiusdem
1533 3871 1596 3933 loci
1628 3873 1758 3947 abbate,
1782 3875 1834 3936 vel

156 3973 287 4028 tuorum
313 3963 462 4045 quolibet
485 3978 707 4024 successorum
733 3958 837 4021 nullus
861 3959 905 4020 ibi
931 3958 1077 4039 qualibet
1109 3960 1321 4040 surreptionis
1348 3960 1466 4022 astutia
1498 3980 1554 4023 seu
1576 3961 1733 4023 violentia
1763 3983 1833 4044 pre-

157 4065 310 4137 ponatur,
335 4053 395 4115 nisi
413 4070 511 4133 quem
536 4050 649 4112 fratres
672 4047 837 4109 communi
862 4067 1023 4110 consensu
1047 4057 1103 4110 aut
1118 4047 1251 4109 fratrum
1268 4068 1343 4129 pars
1358 4049 1484 4110 consilii
1504 4050 1641 4113 sanioris
1656 4053 1833 4115 secundum

158 4145 209 4207 dei
241 4144 396 4205 timorem
428 4151 461 4203 et
490 4140 578 4202 beati
608 4137 778 4200 Benedicti
809 4136 953 4217 regulam
984 4137 1156 4218 elegerint;
1189 4137 1311 4199 electus
1333 4145 1442 4200 autem
1476 4157 1495 4199 a
1521 4140 1674 4202 Romano
1704 4148 1832 4203 tantum

156 4231 317 4315 pontifice
334 4236 550 4293 consecretur.
581 4226 706 4290 Crisma
723 4245 863 4307 quoque,
888 4226 997 4288 oleum
1020 4236 1179 4304 sanctum,
1203 4227 1465 4289 consecrationes
1488 4227 1637 4290 altarium
1653 4250 1709 4292 seu
1726 4230 1833 4293 basili-

157 4342 277 4396 carum,
294 4320 518 4383 ordinationes
530 4335 743 4379 monacorum
756 4315 808 4377 vel
821 4315 1020 4390 clericorum,
1038 4314 1144 4377 eidem
1162 4315 1358 4377 monasterio
1371 4316 1612 4396 pertinentium,
1625 4337 1644 4378 a
1657 4319 1833 4382 diocesano

157 4410 328 4492 accipietis
351 4411 519 4490 episcop0,
543 4408 569 4469 si
595 4405 727 4486 quidem
742 4404 880 4485 gratiam
905 4414 938 4466 et
960 4405 1226 4466 communionem
1247 4404 1429 4485 apostolice
1449 4404 1536 4468 sedis
1556 4407 1706 4470 habuerit
1729 4428 1833 4489 eaque

155 4502 257 4582 gratis
281 4510 315 4562 et
337 4500 407 4561 sine
431 4497 592 4579 pravitate
619 4496 715 4557 vobis
737 4493 876 4555 voluerit
906 4493 1078 4569 exhibere;
1111 4493 1255 4574 alioquin
1280 4493 1486 4569 catholicum,
1518 4515 1615 4575 quem
1648 4496 1831 4573 malueritis,

156 4590 253 4652 liceat
275 4587 373 4650 vobis
396 4586 486 4648 adire
509 4586 696 4659 antistitem,
722 4592 755 4644 et
777 4582 820 4644 ab
844 4602 885 4645 eo
909 4583 1192 4645 consecrationum
1207 4593 1412 4644 sacramenta
1427 4584 1600 4665 suscipere.
1646 4586 1699 4647 De
1722 4597 1831 4648 cetero

156 4678 278 4741 nullam
303 4676 444 4757 amplius
467 4676 642 4756 episcopus
667 4674 699 4735 in
723 4673 841 4734 eodem
866 4673 1063 4734 monasterio
1079 4671 1200 4734 habeat
1219 4679 1419 4753 potestatem
1443 4692 1503 4734 nec
1524 4675 1831 4738 excommunicandi

156 4778 213 4830 aut
236 4764 453 4829 interdicendi
477 4770 533 4825 aut
555 4765 597 4825 ad
614 4760 778 4844 synodum
794 4761 944 4835 vocandi,
968 4762 1051 4823 sicut
1067 4781 1086 4822 a
1102 4760 1236 4841 prefatis
1252 4760 1538 4841 predecessoribus
1554 4765 1673 4826 nostris
1688 4766 1833 4828 noscitur

156 4858 349 4919 institutum.
397 4853 603 4934 Sepulturam
628 4873 706 4915 sane
731 4850 875 4912 eiusdem
900 4850 963 4911 loci
996 4850 1131 4911 omnino
1162 4849 1298 4912 liberam
1321 4869 1392 4912 esse
1416 4850 1629 4927 decernimus,
1661 4862 1831 4916 uteorum

156 4945 326 5009 devotioni
359 4953 392 5005 et
421 4950 567 5005 extreme
596 4940 771 5014 voluntati,
809 4939 1006 5020 quicumque
1036 4959 1071 5001 se
1103 4939 1166 5001 illic
1195 4939 1323 5019 sepeliri
1355 4938 1617 5016 deliberaverint,
1651 4942 1711 5004 nisi
1747 4942 1832 5006 sorte

156 5034 433 5097 excommunicati
456 5032 529 5105 sint,
555 5031 659 5093 nullus
683 5029 831 5104 obsistat,
856 5029 944 5091 salva
965 5036 1077 5090 tamen
1101 5027 1222 5090 iustitia
1245 5027 1387 5089 matricis
1410 5028 1555 5092 ecclesie.
1600 5029 1657 5092 Ad
1680 5031 1830 5094 inditium

155 5134 264 5186 autem
296 5122 390 5185 huius
421 5143 440 5184 a
470 5120 548 5183 sede
579 5119 762 5201 apostolica
801 5129 958 5200 percepte
989 5117 1146 5180 libertatis
1185 5116 1360 5179 duodecim
1392 5117 1544 5180 denarios
1574 5119 1831 5185 Mediolanensis

155 5225 288 5276 monete
320 5211 419 5274 nobis
450 5211 635 5291 nostrisque
664 5207 905 5270 successoribus
944 5208 1037 5269 annis
1071 5206 1205 5288 singulis
1242 5206 1443 5288 persolvetis.
1491 5208 1705 5271 Decernimus
1742 5231 1829 5292 ergo,

155 5313 191 5366 ut
206 5303 285 5366 nulli
311 5300 447 5363 omnino
470 5298 640 5361 hominum
664 5298 768 5373 liceat,
793 5297 857 5358 iam
878 5303 908 5373 a)
926 5296 1049 5358 dictum
1073 5296 1305 5359 monasterium
1328 5305 1450 5358 temere
1473 5298 1663 5378 perturbare
1685 5307 1740 5360 aut
1762 5301 1831 5364 eius

155 5391 382 5474 possessiones
406 5389 530 5452 auferre
552 5388 605 5451 vel
628 5388 753 5451 ablatas
776 5387 922 5461 retinere,
946 5385 1089 5449 minuere
1115 5405 1172 5448 seu
1197 5385 1397 5466 quibuslibet
1422 5386 1579 5450 molestiis
1604 5388 1748 5470 fatigare,
1772 5392 1830 5453 sed

315 5587 342 5648 a)
360 5584 394 5633 in.
413 5624 419 5628 .
445 5623 464 5628 -
485 5584 521 5648 ,1)
544 5581 661 5631 Urkunde
678 5581 771 5631 Lucr'm
789 5579 880 5642 Ilfiir
899 5578 983 5629 Oberto
999 5595 1046 5628 von
1068 5579 1196 5638 Crenwna,
1215 5580 1349 5644 Repertorio
1366 5580 1436 5646 Dipl.
1458 5581 1592 5632 Cremoruse
1605 5589 1631 5646 p.
1651 5583 1685 5632 38
1703 5582 1751 5631 Nr.
1769 5584 1829 5643 314,

145 5657 232 5723 sabelo
250 5656 409 5723 er‘ngcordnet.
450 5655 528 5720 Vergl.
546 5653 584 5703 die
605 5653 666 5704 Urk.
684 5670 739 5703 vom
758 5655 789 5702 14
808 5652 917 5700 Febmar
935 5651 1002 5701 1102
1016 5652 1103 5703 md&
1122 5650 1194 5702 Mara
1214 5655 1290 5705 1144.

1580 5731 1621 5796 71
