3982 6194
1796 288 1836 362 57

160 473 194 530 ut
226 482 456 550 quascumque
486 465 729 549 possessiones,
761 485 968 548 quecumque
992 463 1080 530 bona
1109 465 1225 530 eadem
1256 463 1394 530 ecclesia
1424 469 1457 531 in
1489 468 1723 551 presentiarum
1755 470 1837 533 iuste

160 567 193 619 et
223 559 386 620 canonice
416 558 580 638 possidet,
620 565 676 619 aut
707 558 738 620 in
770 557 912 619 futurum
944 559 1157 620 concessione
1187 556 1397 638 pontificum,
1437 557 1607 638 largitione
1642 578 1755 639 regum
1786 559 1837 622 vel

161 648 358 729 principum,
384 645 552 709 oblatione
575 646 718 709 fidelium
742 668 799 710 seu
822 646 891 708 aliis
915 647 1008 708 iustis
1032 646 1137 709 modis
1165 648 1229 708 deo
1254 649 1399 728 propitio
1424 649 1546 728 poterit
1568 647 1712 728 adipisci,
1742 647 1836 711 firma

160 737 256 799 vobis
279 737 464 816 vestrisque
487 737 730 799 successoribus
759 744 792 798 et
815 735 938 798 illibata
969 745 1190 817 permaneant.
1237 735 1323 799 Sane
1354 735 1503 798 laborum
1527 745 1720 811 vestrorum,
1754 758 1838 818 quos

162 827 305 908 propriis
329 826 480 888 manibus
503 835 560 887 aut
583 825 766 906 sumptibus
791 825 904 900 colitis,
926 825 993 887 sive
1017 827 1058 888 de
1082 827 1285 887 nutrimentis
1309 834 1490 888 vestrorum
1514 825 1698 889 animalium
1729 826 1835 888 nullus

163 916 297 978 omnino
325 915 460 978 clericus
492 913 543 977 vel
573 914 672 976 laicus
705 915 847 976 decimas
871 935 890 976 a
916 914 1010 976 vobis
1044 916 1176 996 exigere
1208 923 1382 996 presumat.
1428 915 1483 977 Ad
1517 915 1673 978 maiorem
1706 934 1839 995 quoque

164 1006 265 1086 ipsius
289 1005 353 1068 loci
376 1003 588 1067 stabilitatem
612 1005 792 1078 statuimus,
817 1012 851 1065 ut
876 1004 957 1065 ordo
981 1006 1156 1066 canonicus
1180 1006 1360 1066 secundum
1385 1004 1471 1066 beati
1496 1002 1670 1086 Augustini
1694 1004 1837 1086 regulam

162 1096 342 1176 perpetuisv
356 1093 402 1156 ibi
426 1092 629 1175 temporibus
652 1093 879 1155 inviolabiliter
902 1101 1120 1155 conservetur.
1168 1091 1321 1155 Obeunte
1345 1113 1423 1155 vero
1447 1101 1489 1167 te,
1512 1114 1595 1155 nunc
1613 1094 1757 1156 eiusdem
1775 1094 1839 1156 loci

163 1184 286 1265 priore,
317 1182 369 1245 vel
399 1190 530 1244 tuorum
562 1183 712 1262 quolibet
740 1202 981 1256 successorum,
1012 1181 1117 1244 nullus
1147 1183 1192 1244 ibi
1225 1182 1368 1264 qualibet
1398 1182 1609 1264 surreptionis
1638 1185 1757 1245 astutia
1788 1183 1840 1246 vel

163 1272 323 1336 violentia
352 1280 570 1354 preponatur,
610 1281 674 1340 set
698 1271 794 1334 liceat
824 1272 934 1347 vobis,
966 1273 1131 1333 communi
1165 1271 1299 1333 consilio
1331 1270 1383 1333 vel
1414 1273 1515 1354 partis
1550 1272 1675 1334 consilii
1705 1272 1840 1335 sanioris

163 1363 347 1426 secundum
371 1362 423 1423 dei
452 1360 603 1424 timorem
627 1370 660 1423 et
683 1361 770 1423 beati
787 1359 961 1442 Augustini
984 1361 1129 1442 regulam
1153 1361 1277 1440 absque
1300 1360 1394 1422 ullius
1419 1361 1676 1425 contradictione
1698 1363 1839 1444 priorem

163 1452 294 1534 eligere.
341 1447 551 1532 Sepulturam
576 1469 711 1532 quoque
733 1452 834 1532 ipsius
858 1449 920 1512 loci
944 1449 1079 1512 liberam
1108 1470 1179 1512 esse
1210 1451 1428 1524 concedimus,
1461 1459 1497 1513 ut
1527 1471 1640 1513 eorum
1671 1451 1839 1513 devotioni

164 1550 197 1604 et
221 1550 370 1626 extreme
392 1539 560 1614 voluntati,
591 1542 646 1619 qui
670 1560 706 1602 se
730 1540 793 1602 illic
817 1539 946 1621 sepeliri
969 1539 1227 1615 deliberaverint,
1260 1540 1318 1601 nisi
1342 1539 1427 1602 sorte
1461 1541 1735 1603 excommunicati
1765 1542 1839 1616 sint,

165 1631 272 1694 nullus
296 1629 444 1704 obsistat,
474 1628 562 1691 salva
585 1635 695 1692 tamen
718 1628 837 1691 iustitia
861 1628 999 1690 matricis
1023 1629 1169 1715 ecclesie.
1216 1627 1356 1692 Clericos
1380 1649 1458 1691 vero
1489 1630 1558 1705 sive
1582 1629 1684 1692 laicos
1708 1628 1839 1705 liberos,

166 1721 356 1783 seculariter
371 1719 524 1793 viventes,
547 1719 589 1780 ad
607 1718 850 1781 conversionem
867 1718 1063 1799 suscipiendi
1084 1718 1211 1800 absque
1234 1717 1365 1780 alicuius
1381 1719 1640 1782 contradictione
1656 1718 1840 1781 facultatem

165 1810 304 1873 liberam
321 1808 477 1871 habeatis.
525 1805 739 1870 Prohibemus
756 1808 862 1882 etiam,
887 1815 922 1868 ut
937 1807 1041 1869 nullus
1060 1806 1089 1890 ἢ)
1113 1807 1192 1870 inira
1207 1806 1414 1888 parrochiam
1431 1817 1572 1870 vestram
1593 1808 1764 1871 ecclesiam
1788 1807 1841 1871 vel

166 1898 327 1981 capellam
355 1899 481 1977 absque
509 1905 619 1959 vestro
651 1917 784 1960 assensu
817 1905 1000 1974 construat,
1039 1917 1097 1958 vos
1128 1906 1247 1971 autem,
1280 1896 1305 1958 si
1336 1917 1410 1959 cum
1442 1917 1576 1960 assensu
1600 1898 1707 1960 Pisani
1737 1895 1841 1960 archi-

166 1989 316 2072 episcopi
332 1987 485 2050 edificare
500 1986 675 2062 volueritis,
699 1985 804 2049 nullus
820 1985 1000 2067 prohibeat.
1039 1985 1251 2048 Decernimus
1268 2006 1356 2068 ergo,
1380 1994 1416 2048 ut
1430 1985 1505 2048 nulli
1522 1988 1656 2049 omnino
1671 1986 1840 2050 hominum

165 2078 270 2152 liceat,
302 2077 466 2160 prefatam
489 2076 659 2139 ecclesiam
683 2083 807 2138 temere
831 2076 1030 2158 perturbare,
1059 2083 1115 2137 aut
1139 2078 1207 2138 eius
1231 2077 1456 2157 possessiones
1480 2076 1614 2150 auferre,
1641 2075 1693 2139 vel
1717 2076 1841 2139 ablatas

167 2172 325 2242 retinere,
357 2166 501 2229 minuere
532 2172 589 2228 aut
618 2164 778 2244 aliquibus
808 2164 1038 2227 vexationibus
1071 2164 1223 2246 fatigare,
1261 2166 1330 2228 sive
1367 2165 1528 2228 indebitas
1560 2165 1748 2228 exactiones
1786 2173 1842 2228 aut

166 2259 317 2340 angarias
340 2254 391 2318 vel
415 2274 531 2337 pravas
554 2255 806 2318 consuetudines
829 2253 990 2328 inducere,
1014 2254 1073 2316 sed
1098 2255 1207 2316 omnia
1230 2255 1356 2336 integra
1379 2263 1612 2317 conserventur
1634 2275 1757 2331 eorum,
1780 2275 1842 2337 pro

166 2367 307 2426 quorum
332 2345 569 2428 gubernatione
592 2352 626 2405 et
648 2347 883 2406 sustentatione
906 2363 1063 2406 concessa
1084 2353 1169 2419 sunt,
1192 2343 1304 2406 usibus
1328 2344 1529 2406 omnimodis
1551 2344 1730 2426 profutura,
1754 2343 1842 2406 salva

167 2437 271 2498 Pisani
294 2433 533 2517 archiepiscopi
557 2435 713 2496 canonica
736 2433 855 2495 iustitia
879 2440 911 2494 et
941 2432 1124 2520 apostolice
1156 2432 1241 2495 sedis
1273 2434 1477 2496 auctoritate.
1523 2430 1557 2496 Si
1589 2454 1653 2515 qua
1684 2434 1780 2516 igitur
1810 2435 1842 2495 in

168 2525 311 2588 futurum
351 2523 569 2586 ecclesiastica
601 2523 798 2585 secularisve
828 2542 984 2604 persona,
1015 2522 1099 2584 hanc
1131 2531 1240 2608 nostre
1272 2523 1514 2584 constitutionis
1545 2524 1697 2605 paginam
1728 2525 1841 2597 sciens,

169 2624 281 2678 contra
306 2634 379 2676 eam
404 2621 527 2675 temere
550 2613 657 2675 venire
681 2614 898 2692 temptaverit,
921 2614 1068 2674 secundo
1084 2614 1223 2674 tertiove
1240 2613 1448 2686 commonita,
1472 2613 1498 2673 si
1515 2632 1580 2674 non
1595 2608 1843 2697 satisfa(c)ti0ne

168 2724 313 2787 congrua
346 2702 583 2776 emendaverit,
622 2702 795 2783 potestatis
834 2699 1033 2782 honorisque
1063 2704 1112 2763 sui
1144 2702 1302 2782 dignitate
1332 2710 1442 2764 careat
1475 2720 1631 2781 reamque
1662 2721 1698 2764 se
1729 2702 1842 2763 divino

168 2795 283 2856 iudicio
309 2794 451 2855 existere
474 2792 517 2853 de
540 2799 729 2873 perpetrata
752 2792 921 2869 iniquitate
945 2799 1132 2873 cognoseat,
1157 2799 1190 2851 et
1204 2810 1223 2852 a
1238 2791 1457 2853 sacratissimo
1479 2810 1617 2871 corpore
1632 2810 1670 2853 ac
1686 2793 1842 2872 sanguine

169 2885 218 2946 dei
253 2892 288 2945 et
319 2881 453 2954 domini,
484 2880 701 2962 redemptoris
733 2881 833 2941 nostri
857 2879 929 2942 Iesu
954 2878 1081 2954 Christi,
1112 2878 1305 2955 alienafiat,
1336 2887 1435 2958 atque
1463 2879 1493 2941 in
1517 2887 1666 2943 extremo
1691 2881 1843 2942 examine

169 2973 314 3058 districte
338 2970 456 3033 ultioni
479 2970 654 3032 subiaceat
700 2967 832 3032 Cunctis
855 2977 973 3043 autem,
998 2970 1105 3032 eidem
1131 2967 1205 3031 loco
1222 2970 1305 3030 iusta
1321 2969 1533 3044 servantibus,
1554 2965 1559 3053 Ι
1579 2969 1620 3031 sit
1636 2989 1703 3051 pax
1718 2969 1842 3031 domini

170 3064 266 3124 nostri
284 3061 357 3123 lesu
374 3057 504 3133 Christi,
528 3059 679 3138 quatinus
703 3066 736 3120 et
758 3056 811 3119 hic
828 3057 968 3120 fructum
985 3057 1073 3144 bone
1088 3040 1227 3120 actioriis
1244 3059 1427 3140 percipiant
1449 3066 1483 3121 et
1497 3059 1586 3140 apud
1607 3056 1639 3142 b)
1663 3058 1842 3120 districtum

171 3152 309 3214 iudicem
334 3150 462 3231 premia
486 3157 598 3233 eterne
622 3149 713 3229 pacis
735 3147 908 3209 inveniant
955 3146 1073 3210 Amen.
1097 3146 1215 3209 Amen.
1239 3146 1359 3209 Amen.
1384 3183 1427 3193 -

383 3236 441 3316 (R)
463 3238 536 3319 Ego
560 3236 680 3300 Lucius
703 3235 863 3322 catholice
887 3235 1022 3323 ecclesie
1046 3239 1222 3318 episcopus
1246 3256 1289 3299 ss.
1314 3237 1376 3316 (M)

384 3323 404 3408 †
427 3327 500 3408 Ego
525 3325 696 3390 Conradus
721 3323 908 3387 Sabinensis
932 3328 1108 3407 episcopus
1131 3346 1171 3387 ss.
1196 3326 1243 3410 (1)

384 3413 404 3496 †
428 3416 501 3497 Ego
524 3415 699 3478 Albericus
724 3411 885 3476 Ostiensis
908 3417 1085 3497 episcopus
1109 3435 1149 3476 ss.

382 3503 403 3586 †
427 3505 500 3587 Ego
523 3504 648 3567 Imarus
671 3503 873 3566 Tusculanus
896 3504 1070 3586 episcopus
1093 3524 1134 3566 ss.
1158 3500 1211 3586 (1)

384 3595 404 3672 'r
427 3593 500 3676 Ego
524 3595 639 3657 Petrus
662 3592 862 3655 Albanensis
887 3593 1061 3674 episcopus
1083 3613 1125 3655 ss.
1149 3588 1202 3676 (1)

385 3717 428 3728 -
452 3682 472 3762 †
495 3683 569 3764 Ego
594 3681 772 3763 Gregorius
797 3680 959 3763 presbiter
983 3683 1156 3745 cardinalis
1178 3683 1228 3742 tit.
1252 3679 1371 3743 Calixti
1395 3698 1436 3741 ss.

383 3771 404 3848 †
427 3770 500 3853 Ego
526 3771 635 3835 Guido
659 3772 820 3853 presbiter
843 3771 1016 3833 cardinalis
1039 3772 1088 3833 tit.
1112 3771 1212 3834 sancti
1238 3768 1412 3851 Grisogoni
1436 3788 1476 3828 ss.

383 3859 404 3942 †
427 3861 500 3942 Ego
524 3861 695 3923 Rainerius
718 3861 881 3942 presbiter
904 3861 1076 3923 cardinalis
1099 3861 1146 3923 tit.
1169 3867 1280 3922 sancte
1303 3860 1411 3921 Prisce
1434 3877 1476 3919 ss.

383 3950 403 4030 †
427 3948 500 4031 Ego
524 3951 638 4013 Petrus
662 3950 824 4030 presbiter
847 3949 1018 4012 cardinalis
1042 3951 1090 4012 tit.
1115 3950 1258 4013 Pastoris
1281 3968 1323 4009 ss·
1348 3945 1394 4033 (1)

384 4037 404 4118 ’r
429 4037 501 4121 Ego
525 4038 699 4101 Hubaldus
722 4039 883 4121 presbiter
906 4038 1078 4101 cardinalis
1101 4041 1149 4101 tit.
1171 4047 1283 4100 sancte
1306 4036 1463 4100 Praxedis
1486 4056 1530 4098 ss.

384 4127 404 4206 †
427 4129 501 4210 Ego
526 4128 634 4192 Guido
658 4128 818 4209 presbiter
842 4128 1013 4191 cardinalis
1035 4130 1083 4191 tit.
1107 4139 1292 4191 sanctorum
1316 4127 1481 4189 Laurentii
1506 4134 1539 4188 et
1562 4124 1698 4187 Damasi
1722 4142 1754 4183 ss

384 4215 405 4297 †
427 4216 500 4299 Ego
525 4217 715 4281 Manfredus
740 4216 901 4299 presbiter
924 4217 1098 4281 cardinalis
1121 4219 1169 4279 tit.
1192 4225 1303 4303 sancte
1327 4213 1444 4302 Savine
1468 4236 1510 4277 ss.

384 4306 404 4387 †
427 4307 500 4389 Ego
525 4306 716 4370 Haribertus
740 4305 901 4389 presbiter
925 4307 1096 4370 cardinalis
1119 4307 1165 4368 tit.
1188 4314 1299 4369 sancte
1322 4305 1496 4391 Anastasie
1519 4324 1560 4366 ss.

385 4430 430 4441 -
451 4396 471 4477 †
495 4396 568 4478 Ego
591 4395 768 4478 Gregorius
791 4396 949 4459 diaconus
972 4395 1142 4460 cardinalis
1164 4404 1350 4459 sanctorum
1375 4391 1509 4477 Sergi(i)
1533 4400 1567 4454 et
1589 4388 1692 4453 Bachi
1716 4409 1757 4451 ss.

385 4483 406 4566 †
429 4485 502 4567 Ego
526 4483 608 4548 Otto
632 4486 787 4548 diaconus
811 4486 981 4548 cardinalis
1004 4488 1107 4547 sancti
1132 4484 1265 4567 Georgii
1288 4484 1330 4545 ad
1354 4481 1474 4547 Velum
1497 4500 1629 4544 aureum
1653 4499 1694 4540 ss.

384 4576 405 4651 †
428 4573 502 4656 Ego
526 4571 636 4637 Guido
660 4575 816 4637 diaconus
840 4575 1012 4638 cardinalis
1035 4583 1222 4637 sanctorum
1246 4572 1365 4654 Cosme
1389 4580 1422 4635 et
1446 4570 1597 4634 Damiani
1621 4588 1662 4630 ss.

383 4662 404 4745 †
427 4662 500 4744 Ego
526 4661 724 4727 Octavianus
747 4665 904 4726 diaconus
928 4665 1099 4727 cardinalis
1128 4665 1231 4726 sancti
1246 4661 1384 4728 ,Nicolai
1415 4663 1448 4723 in
1478 4678 1607 4722 earcere
1631 4655 1780 4719 Tulliano
1804 4674 1846 4716 ss.

384 4753 405 4831 †
429 4752 501 4834 Ego
525 4750 635 4815 Guido
661 4755 692 4814 in
715 4752 864 4816 Romana
888 4753 1026 4816 ecclesia
1047 4753 1157 4816 altaris
1182 4753 1327 4814 minister
1349 4752 1502 4832 indignus
1524 4770 1565 4810 ss.

384 4839 405 4920 †
429 4841 502 4923 Ego
524 4843 639 4905 Petrus
663 4842 820 4904 diaeonus
844 4842 1014 4905 cardinalis
1037 4851 1149 4906 sancte
1172 4843 1275 4904 Marie
1298 4842 1330 4902 in
1354 4841 1485 4903 Porticu
1509 4858 1551 4900 ss.
1577 4839 1624 4915 (1)

385 4929 405 5010 †
428 4929 501 5012 Ego
525 4930 688 4994 Rodulsus
711 4932 869 4994 diaconus
892 4932 1063 4994 cardinalis
1086 4940 1198 4994 sancte
1220 4930 1320 4993 Lucie
1343 4930 1373 4991 in
1398 4927 1501 5010 Septa
1524 4926 1604 4989 solis
1627 4944 1668 4986 ss.
1692 4924 1739 5004 (1)

386 5021 407 5099 †
430 5020 503 5102 Ego
528 5019 702 5102 Gregorius
725 5020 881 5083 diaconus
905 5021 1078 5085 cardinalis
1101 5021 1204 5085 sancti
1228 5019 1350 5102 Angeli
1374 5038 1415 5080 ss.

385 5107 406 5190 †
430 5108 502 5191 Ego
526 5107 688 5172 Iohannes
712 5110 870 5172 diaeonus
894 5110 1065 5174 cardinalis
1089 5119 1201 5173 sancte
1225 5109 1329 5171 Marie
1352 5127 1437 5170 nove
1460 5127 1502 5168 ss.

333 5191 457 5259 Datum
480 5199 640 5275 Laterani,
671 5217 730 5281 per
763 5219 893 5261 manum
924 5200 1093 5276 BAROle,
1123 5197 1279 5281 capellani
1310 5205 1343 5261 et
1373 5197 1550 5278 scriptoris.
1598 5204 1635 5254 vl
1658 5190 1734 5252 Idus
1758 5186 1847 5251 Maii.

169 5286 355 5351 Indictione
378 5299 437 5349 vn.
481 5285 715 5351 Incarnationis
739 5288 903 5376 dominice
927 5309 1013 5352 anno
1037 5302 1197 5353 Mcxtnn.
1241 5286 1452 5350 Pontificatus
1475 5304 1554 5348 vero
1578 5281 1691 5344 domni
1713 5277 1807 5340 Lucii
1823 5289 1848 5338 11

170 5377 230 5440 PP.
255 5396 345 5439 anno
369 5378 485 5459 primo.
508 5411 553 5422 -

225 5561 285 5612 Hor
337 5489 380 5539 Or.
399 5491 454 5540 und
468 5491 543 5557 Ii'opr'e
560 5493 600 5542 des
617 5494 650 5542 13
666 5490 758 5558 Jahrb.
777 5489 810 5540 im
823 5490 938 5542 Archivr'o
955 5491 983 5541 dr·
999 5494 1066 5543 Staio
1083 5509 1113 5541 eu
1128 5492 1184 5542 Pisa
1193 5505 1203 5551 ,·
1227 5494 1285 5556 Reg.
1304 5490 1337 5540 im
1353 5491 1431 5544 catal.
1450 5488 1542 5538 XXVI
1555 5485 1595 5535 des
1607 5479 1722 5533 Archivio
1739 5478 1767 5527 di
1782 5478 1849 5525 Staio

171 5578 202 5610 su
284 5578 334 5612 ms.

336 5704 362 5769 a)
382 5704 443 5754 nolli
513 5705 540 5773 b)
559 5667 608 5771 apn
626 5707 679 5772 aus
690 5707 781 5755 Rasur.

226 5810 247 5845 t.
261 5799 559 5853 vilan-Harttnng,
573 5801 632 5844 Asta
644 5802 686 5843 111.
1624 5775 1641 5824 8
