3982 6194
1768 255 1826 320 Ι43

157 428 366 510 pertinentiis
397 430 462 492 suis
492 437 525 491 et
555 428 692 491 ecclesia
723 427 764 489 de
789 424 977 502 Corticellis‚
1010 426 1169 508 quidquid
1192 425 1320 488 habetis
1353 426 1385 487 in
1410 426 1656 508 Montemagn0,
1688 437 1829 490 castrum

157 516 363 580 Cortanseris
387 538 461 580 cum
484 518 687 599 pertinentiis
710 517 783 591 suis,
809 515 939 597 Caprile
963 536 1037 578 cum
1060 537 1119 578 suo
1143 516 1299 577 comitatu
1323 526 1355 576 et
1371 526 1478 577 castro
1494 515 1612 596 Plagie,
1637 517 1828 580 comitatum

157 607 210 687 qui
236 607 359 668 dicitur
374 606 575 688 Serrelonge,
600 616 742 669 castrum
765 616 877 668 sancte
892 605 1038 667 Victorie
1055 625 1129 667 cum
1145 604 1289 666 ecclesiis
1305 615 1337 664 et
1354 605 1506 666 omnibus
1529 606 1593 667 suis
1616 606 1828 686 pertinentiis,

158 695 257 776 sylva,
283 715 350 776 que
374 696 491 758 dicitur
512 695 690 776 Popularis,
714 714 788 757 cum
811 694 923 756 castris
947 704 979 756 et
1002 694 1085 756 villis
1108 693 1191 755 infra
1214 694 1384 768 contentis,
1418 691 1585 756 Ceresolas
1607 714 1689 757 cum
1722 706 1828 757 castro

159 796 190 846 et
222 785 432 864 pertinentiis
455 784 528 859 suis,
560 796 701 847 castrum
725 784 859 847 Summe
890 784 959 863 ripe
991 783 1032 845 de
1054 783 1163 845 Bosco
1194 802 1267 844 cum
1299 782 1434 844 decimis
1465 794 1498 844 ct
1527 783 1592 845 suis
1616 784 1828 864 pertinentiis,

160 884 301 935 castrum
317 873 453 936 Summe
469 874 539 953 ripe
563 874 604 934 de
619 873 768 935 Paderno
785 892 858 934 cum
874 873 939 934 suis
963 873 1174 952 pertinentiis,
1199 870 1372 933 Carascum
1392 869 1421 948 a)
1446 891 1519 933 cum
1535 873 1600 934 suis
1616 873 1828 952 pertinentiis

160 972 302 1024 castrum
327 963 418 1043 quod
442 963 558 1024 dicitur
583 963 680 1024 Mons
703 962 794 1035 altus,
821 961 1012 1023 comitatum
1036 971 1069 1023 et
1093 971 1259 1041 receptum
1282 959 1443 1034 Polcncie,
1474 962 1667 1023 comitatum
1691 962 1829 1025 civitatis

160 1062 190 1113 et
212 1052 318 1113 totius
341 1053 551 1132 episcopatus
575 1071 649 1113 cum
672 1051 811 1131 publicis
837 1050 1056 1112 functionibus
1080 1060 1120 1124 et,
1153 1070 1216 1130 que
1247 1049 1416 1129 largitione
1440 1050 1672 1130 imperatorum
1695 1051 1828 1114 Astensi

160 1140 296 1202 ecclesie
322 1139 557 1202 rationabiliter
580 1140 699 1201 collata
722 1160 792 1201 esse
817 1150 999 1201 noscuntur.
1045 1138 1215 1202 Sancimus
1235 1149 1390 1218 preterea,
1415 1148 1450 1199 ut
1466 1158 1579 1200 omnes
1596 1139 1829 1203 decimationes

160 1229 253 1291 vestri
271 1228 493 1310 episcopatus,
517 1230 664 1310 exceptis
689 1227 745 1303 his,
771 1249 834 1310 que
858 1229 899 1289 de
915 1228 1081 1290 laboribus
1097 1228 1169 1301 suis,
1187 1228 1241 1307 qui
1259 1227 1399 1307 propriis
1415 1228 1564 1289 manibus
1580 1228 1630 1290 vel
1645 1231 1829 1310 sumptibus

160 1318 326 1394 excolunt,
350 1318 519 1380 monachis
536 1339 555 1379 a
570 1318 649 1380 sede
665 1317 847 1398 apostolica
862 1317 985 1380 indulte
1001 1329 1083 1390 sunt,
1109 1317 1287 1378 secundum
1306 1335 1471 1377 sacrorum
1496 1336 1658 1379 canonum
1674 1319 1828 1395 instituta,

160 1408 225 1468 sine
260 1407 398 1469 alicuius
429 1407 688 1469 contradictione
718 1407 751 1468 in
783 1418 890 1468 vestra
925 1406 1140 1486 dispositione
1176 1405 1362 1467 consistant.
1413 1401 1513 1484 Quod
1544 1406 1569 1467 si
1604 1406 1722 1469 feudali
1754 1428 1828 1470 con·

159 1496 333 1558 suetudine
364 1496 406 1558 de
437 1496 572 1558 decimis
604 1497 676 1558 lites
707 1496 903 1570 emerserint,
936 1495 1156 1557 ecclesiastico
1188 1504 1314 1556 tantum
1345 1494 1465 1556 iudicio
1488 1495 1709 1558 terminentur.
1754 1497 1830 1560 Hoc

159 1595 312 1665 preterea
335 1584 480 1665 capitulo
504 1585 706 1647 decrevimus
730 1584 951 1658 inhibendum,
977 1595 1011 1646 ut
1034 1595 1143 1664 preter
1165 1593 1254 1645 tuam
1277 1594 1332 1644 aut
1354 1603 1576 1645 successorum
1599 1592 1728 1646 tuorum
1753 1606 1828 1648 con·

160 1674 333 1735 scientiam
362 1685 396 1735 et
423 1694 617 1736 consensum
649 1674 753 1735 nullus
786 1674 920 1735 omnino
952 1674 983 1734 in
1014 1684 1069 1735 tuo
1103 1673 1295 1753 episcopatu
1327 1692 1445 1733 novam
1477 1672 1647 1734 ecclesiam
1679 1674 1829 1737 edificare

159 1772 337 1843 presumat
384 1762 496 1824 Liceat
520 1782 651 1843 quoque
674 1761 778 1838 vobis,
811 1762 1007 1836 exactiones,
1032 1782 1096 1843 que
1126 1761 1185 1823 sub
1210 1771 1360 1841 pretextu
1386 1759 1473 1822 seudi
1497 1761 1547 1823 vel
1572 1761 1634 1823 alia
1657 1765 1830 1826 occasione

160 1853 190 1912 in
214 1851 366 1914 ecclesiis
397 1851 486 1927 fiunt,
519 1873 538 1913 a
568 1851 658 1914 laicis
688 1872 863 1913 removere.
909 1852 945 1913 ln
975 1851 1232 1932 parrochialibus
1261 1870 1339 1911 vero
1371 1850 1522 1923 ecclesiis
1554 1871 1635 1931 quas
1666 1852 1698 1913 in
1721 1863 1829 1915 vestro

159 1941 357 2021 episcopatu
381 1940 533 2002 monachi
557 1961 613 2003 seu
637 1941 797 2021 regulares
821 1941 969 2002 canonici
999 1950 1118 2014 tenent,
1151 1940 1240 2000 iuxta
1263 1940 1428 2000 decretum
1458 1940 1696 2020 predecessoris
1718 1943 1828 2016 nostri,

160 2029 261 2091 felicis
287 2030 445 2091 memorie
468 2050 555 2111 pape
578 2029 713 2104 Urbani,
745 2030 944 2111 presbiteros
968 2029 1089 2110 eligant
1113 2038 1145 2090 et
1167 2028 1263 2089 vobis
1286 2038 1482 2108 presentent,
1515 2029 1641 2109 quibus,
1665 2031 1690 2091 si
1719 2031 1829 2093 idonei

160 2117 296 2193 suerint,
334 2118 515 2180 animarum
546 2138 656 2180 curam
687 2140 746 2181 vos
778 2119 905 2181 debetis
936 2119 1155 2191 committere,
1187 2127 1221 2178 ut
1253 2117 1293 2178 de
1325 2117 1431 2197 plebis
1464 2117 1597 2198 quidem
1629 2139 1704 2180 cura
1734 2121 1829 2182 vobis

159 2207 404 2288 respondeant,
437 2208 482 2269 eis
510 2227 588 2269 vero
619 2228 679 2289 pro
704 2207 799 2270 rebus
830 2208 1080 2288 temporalibuS,
1112 2207 1154 2268 ad
1178 2226 1289 2267 eorum
1314 2205 1386 2267 loca
1409 2207 1663 2286 pertinentibus,
1696 2209 1828 2289 dignam

157 2296 401 2358 subiectionem
428 2296 614 2371 exhibeant,
644 2297 741 2359 salvis
772 2297 922 2359 nimirum
946 2296 1127 2377 apostolice
1157 2295 1244 2357 sedis
1274 2294 1458 2375 privilegiis.
1504 2296 1717 2359 Decernimus
1741 2318 1828 2379 ergo,

157 2395 191 2446 ut
214 2385 296 2447 nulli
313 2386 450 2446 omnino
473 2384 643 2447 hominum
666 2386 770 2459 liceat,
794 2386 955 2467 prefatam
979 2385 1148 2447 ecclesiam
1173 2432 1179 2445 .
1205 2433 1211 2445 .
1236 2432 1242 2445 .
1267 2432 1273 2445 .
1299 2384 1409 2445 usibus
1432 2384 1631 2447 omnimodis
1651 2387 1828 2466 profutura.

156 2473 190 2536 Si
215 2493 285 2555 qua
309 2474 438 2554 igitur.
464 2522 470 2535 .
495 2523 502 2536 .
527 2473 659 2537 Cunctis
683 2485 792 2537 autem
817 2525 823 2537 .
848 2524 855 2537 .
881 2524 887 2536 .
910 2475 1085 2537 inveniant.
1131 2473 1250 2535 Amen.
1274 2472 1393 2535 Amen.

375 2560 433 2644 (R)
456 2564 528 2644 Ego
552 2563 745 2626 Anastasius
769 2564 929 2627 catholice
953 2564 1088 2625 ecclesie
1111 2563 1286 2642 episcopus
1308 2583 1349 2624 ss.
1373 2559 1438 2640 (M)

373 2653 394 2730 †
417 2652 490 2732 Ego
513 2651 787 2734 GG.(Gregorius)
812 2653 973 2734 presbiter
995 2652 1166 2714 cardinalis
1190 2652 1237 2712 tit.
1262 2650 1364 2713 sancti
1390 2649 1507 2713 Calixti
1521 2671 1563 2713 ss

375 2738 396 2822 †
419 2741 492 2821 Ego
516 2740 625 2804 Guido
648 2742 809 2823 presbiter
832 2742 1004 2804 cardinalis
1027 2742 1075 2803 tit.
1098 2742 1202 2803 sancti
1226 2739 1430 2821 Chrysogoni
1454 2761 1495 2802 ss

376 2827 396 2909 †
419 2829 492 2911 Ego
516 2830 689 2892 Hubaldus
712 2832 873 2912 presbiter
896 2831 1067 2894 cardinalis
1090 2830 1138 2891 tit.
1162 2841 1274 2891 sancte
1296 2830 1452 2892 Praxedis
1475 2850 1517 2892 ss

374 2918 395 2998 †
417 2919 490 2999 Ego
514 2919 702 2981 Manlrcdus
726 2920 886 3000 presbiter
909 2919 1080 2982 cardinalis
1103 2920 1150 2980 tit.
1175 2929 1286 2981 sancte
1309 2915 1428 2980 Savine
1451 2939 1491 2980 ss

374 3007 395 3085 †
417 3007 489 3088 Ego
513 3006 684 3070 Aribertus
707 3007 867 3090 presbiter
889 3008 1061 3072 cardinalis
1085 3008 1131 3069 tit.
1155 3019 1267 3069 sancte
1289 3007 1464 3070 Anastasie
1487 3028 1528 3069 ss

376 3092 396 3176 †
421 3096 492 3177 Ego
515 3096 655 3159 Ioannes
671 3098 831 3177 presbiter
846 3098 1017 3160 cardinalis
1033 3106 1218 3159 sanctorum
1230 3095 1360 3158 Ioannis
1377 3106 1410 3158 et
1421 3097 1509 3158 Pauli
1531 3096 1578 3157 tit.
1590 3095 1753 3158 Pamachii
1764 3118 1804 3160 ss

375 3182 396 3264 †
419 3184 491 3266 Ego
516 3186 593 3248 Odo
617 3186 772 3249 diaconus
796 3187 967 3250 cardinalis
991 3187 1093 3249 sancti
1117 3185 1249 3266 Georgii
1274 3186 1315 3246 ad
1338 3185 1457 3247 Velum
1481 3203 1612 3247 aureum
1635 3205 1675 3246 ss

376 3270 397 3354 †
420 3273 492 3354 Ego
516 3273 625 3337 Guido
650 3275 806 3338 diaconus
830 3276 1001 3339 cardinalis
1024 3285 1135 3337 sancte
1160 3275 1260 3336 Marie
1284 3275 1316 3336 in
1339 3275 1468 3336 Porticu
1492 3296 1532 3337 ss.

376 3359 396 3441 †
419 3363 491 3443 Ego
516 3363 617 3425 Oddo
641 3364 798 3427 diaconus
821 3365 993 3429 cardinalis
1016 3365 1117 3426 sancti
1142 3362 1291 3425 Nicholai
1316 3364 1349 3425 in
1372 3383 1500 3425 carcere
1523 3362 1675 3424 Tulliano
1698 3382 1738 3423 ss

320 3452 397 3513 Dat
413 3451 574 3525 Laterani,
598 3472 657 3533 per
680 3473 812 3516 manum
828 3454 978 3527 Rolandi,
1003 3463 1113 3515 sancte
1129 3453 1278 3513 Romane
1302 3452 1437 3514 ecclesie
1461 3452 1630 3533 presbiteri
1654 3449 1826 3512 cardinalis

154 3550 190 3602 et
222 3539 419 3602 cancellarii.
472 3557 509 3600 111
540 3540 626 3603 Non.
659 3542 776 3604 Martii.
829 3543 1010 3605 Indictione
1040 3559 1073 3604 11.
1127 3541 1360 3603 lncarnationis
1394 3541 1557 3604 dominice
1588 3560 1675 3602 anno
1706 3551 1825 3601 MCLIII.

154 3629 376 3691 Pontificatus
397 3650 475 3691 vero
500 3629 612 3692 domni
635 3629 801 3694 Anastasii
824 3649 875 3693 1111
898 3652 985 3714 pape
1009 3652 1095 3693 anno
1119 3648 1138 3691 1.

318 3742 472 3806 Abschristen
489 3742 528 3791 des
549 3747 581 3790 14
602 3743 693 3807 Jahrb.
711 3744 744 3792 im
762 3745 835 3794 Liber
857 3745 1137 3810 Vcrde.d'Aslip.102,
1156 3743 1211 3791 und
1226 3743 1266 3792 des
1285 3745 1317 3793 18
1337 3743 1428 3808 Jahrb.
1450 3743 1595 3807 (Vescovado
1612 3741 1697 3801 d'Asti,
1717 3739 1826 3789 Mauol

153 3812 203 3863 ΝΥ.
223 3816 275 3880 16),
294 3813 330 3862 im
348 3813 463 3862 archivio
480 3814 507 3862 di
522 3814 590 3863 Statu
607 3831 636 3862 zu
658 3813 683 3863 Τ
679 3815 745 3865 urin.

901 4100 967 4175 Nr.
1001 4105 1085 4176 135.

155 4229 356 4296 Anastasius
372 4227 428 4293 IV
446 4229 594 4314 bestdtrgt
615 4229 688 4295 dem
705 4230 856 4314 Bisclrofe
872 4234 934 4297 Leo
958 4255 1017 4297 von
1043 4231 1148 4296 Veroli
1168 4232 1223 4294 die
1238 4228 1474 4295 Besitztln't'mer
1495 4231 1597 4294 seines
1613 4228 1825 4309 Hoclzstiftes.

782 4369 865 4429 1154
882 4368 979 4431 Mc‘z'rz
993 4370 1022 4430 9.
1058 4367 1207 4429 lateran.

321 4494 515 4560 Anastasius
544 4501 731 4581 episcopus,
762 4523 872 4565 servus
901 4521 1066 4564 servorum
1097 4502 1159 4574 dei,
1189 4500 1365 4564 venerabili
1396 4500 1483 4562 fratri
1515 4499 1633 4573 LEOni,
1665 4498 1826 4560 Berulano

158 4588 332 4668 episcope,
348 4587 482 4668 eiusque
497 4590 737 4653 successoribus
759 4591 916 4654 canonice
933 4591 1173 4672 promovendis
1191 4601 1379 4653 1NPPM.-
1400 4586 1404 4672 Ι
1425 4589 1460 4651 ln
1477 4589 1630 4650 eminenti
1648 4587 1827 4672 apostolice

157 4676 245 4738 sedis
277 4676 420 4757 specula,
453 4676 648 4757 disponente
679 4679 823 4754 domino,
854 4681 1031 4754 constituti,
1067 4679 1179 4742 fratres
1210 4689 1337 4741 nostros
1373 4679 1564 4759 episcopm,
1596 4687 1662 4738 tam
1693 4677 1825 4750 vicinos,

160 4784 261 4846 quam
286 4764 386 4845 longe
409 4766 543 4846 positoS,
576 4766 732 4830 debemus
757 4770 897 4850 diligere,
922 4781 955 4831 et
978 4769 1129 4842 ecclesiis,
1161 4769 1279 4850 quibus
1302 4769 1438 4830 domino
1463 4764 1611 4847 militalre
1642 4777 1826 4839 noscuntur,

158 4871 252 4916 suam
277 4853 434 4915 iustitiam
458 4874 657 4940 conservare.
702 4858 895 4938 Eapropter‚
919 4858 1113 4920 venerabilis
1137 4859 1169 4919 in
1193 4857 1321 4920 Christo
1347 4856 1450 4929 frater,
1474 4856 1549 4918 LEO
1573 4855 1736 4936 episcope,
1765 4855 1827 4916 tuis

161 4944 251 5005 iustis
274 4941 553 5023 postulationibus
576 4954 703 5025 gratum
728 4947 950 5027 impertientes
973 4967 1147 5021 assensum,
1178 4957 1324 5008 sanctam
1347 4945 1541 5007 Berulanam
1566 4944 1744 5018 ecclesiam,
1776 4943 1825 5005 cui

160 5031 224 5094 deo
248 5041 384 5093 auctore
407 5032 562 5111 presides,
586 5035 629 5095 ad
652 5040 820 5117 exemplar
843 5037 1107 5118 predecessorum
1133 5047 1326 5109 nostrorum,
1352 5035 1452 5096 felicis
1476 5034 1631 5118 memorie
1647 5033 1776 5096 URssani
1795 5033 1826 5112 ¹),

160 5119 327 5183 Paschalis
345 5118 380 5203 ²),
404 5119 522 5183 Calixti
536 5120 572 5204 ⁸),
595 5122 734 5186 Honorii
750 5123 778 5206 ⁴)
802 5135 835 5187 et
852 5125 1004 5188 Celestini
1021 5124 1055 5205 ⁵),
1079 5126 1304 5186 Romanorum
1320 5122 1520 5204 pontificum,
1545 5121 1725 5206 apostolice
1740 5121 1827 5183 sedis

160 5210 357 5272 auctoritate
380 5210 551 5272 munimus.
599 5211 794 5290 Statuentes,
819 5225 853 5276 ut
877 5234 1099 5295 quascumque
1122 5214 1354 5295 possessiones
1379 5231 1583 5294 quecumque
1599 5212 1688 5273 bona
1711 5210 1826 5272 eadem

161 5299 301 5362 ecclesia
323 5299 357 5359 in
379 5300 616 5380 presentiarum
639 5302 721 5364 iuste
743 5313 777 5365 et
800 5303 943 5384 legitime
966 5303 1114 5385 possidet
1141 5303 1252 5365 autin
1277 5301 1424 5377 futurum,
1460 5301 1616 5382 largiente
1641 5300 1712 5376 de0,
1746 5299 1827 5362 iuste

162 5430 303 5438 ——q—
473 5433 585 5439 -ffl

321 5493 347 5557 α)
367 5490 511 5541 Cairascum
533 5493 566 5542 ΙΙ.
584 5531 635 5537 ---
654 5497 689 5555 ,1)
712 5494 771 5544 o'rk.
796 5500 885 5545 vom?
908 5495 967 5561 Juli
989 5498 1054 5546 1097
1081 5497 1136 5545 und
1158 5494 1241 5561 Jaffe',
1267 5498 1323 5559 Reg.
1347 5497 1422 5544 4263.
1531 5499 1557 5560 2)
1579 5492 1639 5544 Urk.
1663 5509 1717 5542 vom
1737 5498 1752 5542 4
1771 5494 1827 5556 Sep·

160 5563 410 5685 &35:53ng
447 5570 474 5629 3)
503 5563 562 5613 Urk.
590 5580 644 5613 vom
671 5569 702 5615 15
730 5567 798 5631 Jum'
822 5571 895 5618 1121.
1003 5574 1031 5632 4)
1063 5568 1123 5618 Urk.
1149 5585 1202 5617 vom
1225 5571 1260 5618 28
1286 5567 1418 5616 November
1446 5568 1518 5620 1125.
1626 5571 1652 5631 5)
1685 5565 1744 5614 o'rk.
1773 5581 1826 5613 vom
