3982 6194
1785 280 1827 348 95

151 449 348 512 canonicam
380 450 480 514 sancti
505 450 672 517 Michaelis
702 455 746 518 de
769 453 938 528 Grosset0‚
961 453 1134 518 ecclesiam
1165 461 1277 517 sancte
1301 453 1403 517 Marie
1435 453 1478 516 de
1501 453 1623 529 Dotali,
1657 454 1828 518 ecclesiam

151 537 255 601 sancti
288 536 416 602 Stelani
449 540 492 604 de
522 542 671 625 Pignete,
703 545 875 608 ecclesiam
907 546 1011 606 sancti
1034 546 1120 607 Petri
1151 544 1182 606 in
1210 543 1326 619 cellis,
1358 543 1530 606 ecclesiam
1563 546 1668 606 sancti
1695 543 1829 631 Andree

150 628 196 691 de
218 627 415 711 Arguliano,
445 633 676 696 monasterium
699 642 811 698 sancte
834 634 1000 696 Trinitatis
1023 634 1077 695 de·
1090 633 1206 696 Monte
1230 632 1330 696 Calvo
1354 653 1427 696 cum
1451 633 1602 696 omnibus
1625 634 1830 716 pertinentiis

150 718 235 792 suis,
276 720 513 783 monasterium
543 721 646 785 sancti
675 722 754 787 Iusti
785 726 817 786 in
848 722 1077 797 Rentennano,
1109 723 1340 786 monasterium
1377 730 1490 784 sancte
1521 722 1622 785 Marie
1653 723 1696 786 de
1727 721 1829 797 Colle,

152 805 312 886 quicquid
344 808 422 870 iuris
454 807 582 873 habetis
611 811 642 874 in
676 812 811 876 ecclesia
840 812 941 876 sancti
973 810 1105 874 Martini
1136 814 1178 875 de
1212 810 1354 894 Quart0,
1393 812 1550 894 quicquid
1590 813 1666 875 iuris
1702 810 1829 874 habetis

152 897 187 959 in
209 896 350 960 ecclesia
376 900 479 961 sancti
502 899 662 984 Stephani
693 903 735 964 de
758 903 935 966 Bruscano.
982 899 1134 964 Preterea
1164 901 1312 965 laborum
1345 909 1542 976 vestrorum,
1574 921 1656 984 quos
1689 901 1830 983 propriis

152 985 306 1048 manibus
329 994 386 1049 aut
408 988 592 1070 sumptibus
616 991 737 1066 colitis,
762 990 866 1055 nullus
889 1013 909 1054 a
939 990 1033 1053 vobis
1065 991 1210 1054 decimas
1241 991 1371 1073 exigere
1395 998 1569 1074 presumat.
1616 990 1829 1053 Decernimus

154 1094 247 1156 ergo,
279 1083 318 1138 ut
348 1074 424 1139 nulli
457 1078 591 1143 omnino
620 1077 789 1145 hominum
820 1081 930 1156 liceat,
960 1078 1122 1162 prefatum
1155 1080 1263 1143 locum
1296 1089 1420 1143 temere
1453 1079 1643 1162 perturbare
1675 1087 1731 1142 aut
1761 1080 1830 1142 eius

153 1166 385 1247 possessiones
409 1165 536 1231 auferre
563 1168 615 1232 vel
643 1169 769 1234 ablatas
792 1171 942 1245 retinere,
976 1170 1121 1232 minuere
1150 1190 1207 1232 seu
1238 1169 1400 1249 aliquibus
1423 1168 1652 1232 vexationibus
1683 1168 1829 1251 fatigare,

154 1255 211 1315 sed
240 1256 356 1317 omnia
385 1256 511 1338 integra
540 1268 772 1323 conservantur
801 1259 988 1323 ancillarum
1013 1256 1141 1333 Christi,
1172 1278 1232 1341 pro
1254 1278 1390 1341 quarum
1423 1259 1661 1340 gubernatione
1691 1265 1724 1320 et
1755 1257 1830 1319 sub-

154 1343 354 1406 stentatione
377 1363 534 1409 concessa
555 1356 638 1424 sunt,
664 1350 775 1412 usibus
799 1349 994 1413 omnimodis
1018 1349 1196 1429 profutura,
1220 1349 1310 1411 salva
1329 1348 1415 1410 sedis
1434 1346 1615 1430 apostolice
1635 1347 1829 1410 auctoritate

155 1440 187 1494 et
209 1433 463 1497 diocesanorum
488 1437 721 1520 episcoporum
746 1440 904 1503 canonica
926 1438 1053 1501 iustitia
1098 1434 1134 1500 Si
1158 1458 1222 1519 qua
1252 1439 1349 1519 igitur
1377 1439 1409 1499 in
1440 1437 1582 1499 futurum
1611 1435 1829 1499 ecclesiastica

153 1521 354 1585 secularisve
376 1542 526 1604 persona,
550 1523 634 1589 hanc
657 1536 768 1592 nostre
792 1528 1030 1592 constitutionis
1046 1529 1199 1609 paginam
1223 1529 1337 1602 sciens,
1361 1533 1476 1589 contra
1495 1546 1567 1589 eam
1583 1533 1707 1589 temere
1722 1527 1832 1588 venire

155 1613 383 1694 temptaverit,
414 1615 559 1678 secundo
590 1619 731 1681 tertiove
762 1618 976 1692 commonita,
1014 1617 1042 1678 si
1073 1637 1138 1678 non
1167 1616 1391 1680 satisfactione
1423 1636 1567 1698 congrua
1598 1616 1830 1689 emendaverit,

155 1704 331 1783 potestatis
354 1700 553 1785 honorisque
575 1708 625 1768 sui
652 1706 812 1789 dignitate
841 1714 950 1771 careat
981 1726 1136 1786 reamque
1168 1726 1204 1768 se
1234 1705 1345 1768 divino
1374 1705 1495 1768 iudicio
1526 1704 1665 1768 existere
1693 1706 1735 1767 de
1758 1724 1831 1787 per:

155 1798 283 1872 petrata
308 1792 480 1871 iniquitate
503 1804 692 1876 cognoscat,
715 1804 749 1860 et
771 1817 790 1860 a
812 1797 1030 1859 sacratissimo
1053 1815 1193 1877 corpore
1216 1803 1250 1858 et
1277 1794 1433 1876 sanguine
1457 1794 1509 1857 dei
1533 1815 1552 1858 e
1575 1792 1699 1858 domini
1727 1794 1830 1856 nostri

154 1879 225 1943 Iesu
249 1878 371 1944 Christi
399 1881 596 1958 alienafiat,
627 1893 727 1965 atque
749 1886 781 1948 in
805 1894 955 1949 extremo
983 1887 1135 1948 examine
1158 1885 1304 1947 districte
1335 1883 1446 1946 ultioni
1478 1884 1654 1946 subiaceat.
1700 1882 1831 1947 Cunctis

154 1976 273 2044 autem,
298 1969 409 2033 eidem
431 1969 505 2034 loco
528 1993 587 2036 sua
609 1974 678 2037 iura
700 1974 913 2050 servantibus,
936 1977 978 2038 sit
1001 1995 1069 2057 pax
1092 1975 1215 2036 domini
1244 1974 1343 2037 nostri
1367 1973 1439 2035 Iesu
1463 1972 1595 2048 Christi,
1624 1973 1774 2053 quatinus
1798 1979 1831 2034 et

154 2058 205 2121 hic
237 2058 364 2122 fructus
395 2059 484 2123 bone
514 2062 651 2126 actionis
682 2067 865 2148 percipiant
895 2072 929 2129 et
957 2064 1047 2147 apud
1074 2064 1257 2127 districtum
1285 2063 1428 2127 iudicem
1456 2062 1580 2146 premia
1604 2071 1716 2125 eterne
1740 2063 1831 2144 pacis

154 2150 329 2211 inveniant
376 2148 494 2212 Amen
518 2151 640 2215 Arnen.
667 2153 787 2217 Arnen.

370 2237 427 2316 (R)
450 2241 524 2321 Ego
548 2242 711 2324 Eugenius
734 2242 896 2308 catholice
919 2243 1057 2330 ecclesie
1081 2242 1255 2325 episcopus
1278 2261 1320 2303 ss.
1344 2240 1407 2320 (M)

369 2326 391 2407 †
413 2330 487 2410 Ego
509 2329 684 2395 Hubaldus
706 2332 870 2416 presbiter
892 2333 1064 2396 cardinalis
1087 2334 1134 2395 tit
1158 2333 1260 2394 sancti
1283 2329 1437 2393 Iohannis
1460 2350 1502 2392 ss.

369 2415 391 2498 †
413 2416 487 2500 Ego
510 2417 620 2484 Guido
644 2422 805 2504 presbiter
828 2422 998 2486 cardinalis
1021 2424 1069 2485 tit.
1093 2429 1280 2484 sanctorum
1305 2420 1471 2483 Laurentii
1495 2426 1528 2482 et
1552 2418 1688 2481 Damasi
1711 2436 1754 2477 ss.

370 2593 392 2674 †
414 2596 487 2678 Ego
511 2596 611 2663 Iulius
635 2600 795 2682 presbiter
818 2600 989 2665 cardinalis
1011 2603 1059 2665 tit.
1082 2601 1185 2662 sancti
1210 2598 1355 2662 Marcelli
1376 2618 1419 2660 ss.

371 2684 393 2761 †
415 2684 488 2768 Ego
512 2687 622 2752 Guido
646 2691 807 2772 presbiter
830 2690 1000 2754 cardinalis
1023 2690 1071 2752 tit.
1094 2691 1237 2753 Pastoris
1259 2710 1301 2751 ss.

370 2771 391 2854 †
413 2772 487 2857 Ego
511 2772 606 2862 [Otto
630 2780 786 2843 diaconus
809 2776 993 2865 cardinalis]
1017 2781 1119 2842 sancti
1144 2777 1276 2860 Georgii
1300 2779 1342 2841 ad
1366 2776 1486 2839 Velum
1510 2793 1644 2836 aureum
1666 2792 1708 2834 ss.

316 2861 442 2926 Datum
466 2862 576 2942 Senis,
608 2888 666 2949 per
698 2889 812 2932 manus
836 2868 1005 2945 Guidonis,
1034 2876 1146 2955 sancte
1170 2869 1318 2953 Romane
1342 2865 1478 2951 ecclesie
1501 2863 1630 2926 diaconi
1660 2859 1830 2924 cardinalis

153 2948 348 3013 cancellarii.
394 2969 432 3014 111
454 2952 509 3017 Kl.
533 2955 737 3022 Decembris.
783 2958 966 3022 indictione
988 2973 1047 3022 ΧΠ.
1094 2957 1326 3020 incarnationis
1354 2955 1518 3042 dominice
1550 2973 1636 3015 anno
1660 2962 1830 3013 MCXLVHI.

153 3037 370 3103 Pontificatus
393 3062 472 3106 vero
495 3044 609 3108 domni
634 3048 771 3130 Eugenii
795 3048 855 3111 ΡΡ.
878 3066 917 3112 111
940 3069 1025 3111 anno
1050 3053 1176 3130 quarto.

316 3155 441 3221 Abschn'fl
463 3159 504 3208 der
525 3159 581 3211 cod.
601 3161 632 3211 E.
652 3162 697 3211 IX.
720 3165 752 3212 16
765 3170 792 3227 p.
812 3164 854 3223 30,
880 3165 924 3213 der
946 3164 1010 3214 Bibl.
1037 3162 1150 3211 Rebblica
1176 3179 1205 3210 ru
1227 3162 1316 3220 Simu,·
1343 3160 1399 3208 und
1422 3159 1462 3207 des
1487 3157 1543 3207 cod.
1569 3154 1649 3205 Marc.
1668 3155 1699 3204 L.
1719 3153 1763 3203 IX.
1784 3153 1832 3203 138

148 3230 178 3286 p.
199 3226 257 3285 128,
276 3225 303 3274 in
322 3228 367 3277 der
384 3228 447 3277 Bur.
467 3229 598 3282 Marciana
616 3250 646 3281 su
669 3235 772 3300 Venedr'g
785 3234 813 3302 ¹).

914 3457 981 3533 Nr.
1012 3462 1074 3533 93.

154 3579 271 3663 Eugen
295 3580 362 3647 III
380 3583 497 3648 nimmt
525 3586 580 3651 die
610 3587 885 3672 Kollegr'atkirclre
913 3611 974 3653 von
1008 3588 1097 3653 Colle
1120 3588 1178 3670 (D.
1212 3585 1372 3669 Volterra)
1397 3584 1431 3645 in
1460 3578 1692 3664 apostolzschen
1715 3578 1833 3642 Selenis

155 3670 228 3733 und
246 3671 398 3756 bestdtigt
427 3675 497 3739 ihre
521 3677 756 3743 Besitztluimer
776 3678 846 3743 und
867 3678 999 3759 Rechte,
1029 3680 1136 3758 wefie'r
1147 3675 1296 3762 ja'lrrlr'clr
1319 3676 1364 3737 12
1387 3669 1496 3736 solidi
1521 3691 1564 3733 an
1586 3669 1641 3732 die
1666 3666 1771 3731 Kurie
1792 3689 1832 3731 au

830 3768 1004 3833 eutriclrten
1026 3769 1106 3832 sind
1119 3767 1159 3852 ⁹).

768 3887 851 3949 1149
873 3885 971 3948 Mlirz
989 3887 1043 3948 20.
1099 3881 1233 3947 Viterbo.

321 4014 484 4097 Eugenius
507 4019 691 4103 episcopus,
713 4038 825 4082 servus
848 4039 1015 4082 servorum
1040 4017 1103 4094 dei,
1126 4016 1253 4081 dilectis
1276 4014 1350 4077 filiis
1372 4011 1525 4095 Rogerio,
1556 4006 1832 4091 archipresbitero

158 4098 266 4182 plebis
289 4101 333 4166 de
357 4105 443 4184 Elsa,
474 4108 607 4190 eiusque
630 4108 790 4183 iratribus,
820 4115 888 4171 tam
912 4108 1118 4191 presentibus
1141 4126 1240 4187 quarn
1264 4103 1386 4177 futuris,
1418 4116 1456 4165 ΙΝ
1479 4112 1557 4162 ΡΡΜ.
1579 4133 1624 4144 -
1644 4098 1648 4177 Ι
1670 4094 1833 4178 Quotiens

158 4188 238 4251 illud
270 4210 291 4253 a
314 4193 410 4257 uobis
439 4198 568 4278 petitur,
599 4199 689 4280 quod
721 4198 837 4262 rationi
868 4206 901 4260 et
931 4196 1094 4261 honestati
1125 4196 1300 4259 convenire
1330 4191 1473 4268 videtur,
1504 4191 1613 4253 animo
1646 4207 1706 4249 nos
1737 4186 1835 4248 decet

159 4277 274 4343 libenti
306 4284 488 4349 concedere
520 4293 553 4350 et
580 4288 761 4372 petentium
792 4287 959 4351 desideriis
987 4306 1165 4369 congruum
1198 4282 1356 4365 impertiri
1387 4280 1584 4362 suffragium.
1637 4277 1833 4358 Eapropter,

159 4366 271 4432 dilecti
291 4366 298 4455 Ι
317 4371 349 4434 in
363 4373 499 4438 domiuo
514 4375 579 4453 filii,
598 4379 715 4441 vestris
731 4379 823 4441 iustis
839 4376 1114 4459 postulationibus
1131 4375 1309 4437 clementer
1327 4371 1496 4434 annuimus
1512 4377 1546 4431 et
1562 4365 1833 4459 predecessorum

160 4465 360 4538 nostrorum,
389 4460 492 4528 felicis
521 4466 677 4530 memorie
698 4468 866 4530 Pnscnus
890 4474 989 4548 atque
1012 4464 1163 4539 GELnslr,
1194 4463 1420 4525 Romanorum
1443 4457 1646 4542 pontificum,
1677 4454 1834 4537 vesltigiis

159 4545 356 4626 inherentes,
379 4561 520 4618 vestram
543 4555 632 4619 beati
648 4556 793 4620 Faustini
816 4575 873 4619 seu
897 4554 987 4618 beati
1010 4552 1159 4617 Iohannis
1182 4551 1365 4625 ecclesiam,
1388 4549 1420 4610 in
1443 4568 1508 4630 qua
1531 4547 1642 4610 divino
1659 4543 1834 4625 mancipati

159 4638 240 4700 estis
263 4638 432 4724 obsequio,
455 4664 530 4707 cum
553 4645 653 4728 plebe
675 4666 741 4721 sua,
766 4665 829 4728 que
852 4644 896 4708 de
911 4643 989 4707 Elsa
1011 4645 1138 4719 dicitur,
1160 4642 1221 4704 sub
1238 4640 1325 4704 beati
1341 4637 1429 4701 Petri
1452 4644 1486 4700 et
1501 4643 1613 4699 nostra
1629 4633 1835 4718 protectione

159 4727 359 4810 suscipimus
390 4741 424 4795 et
453 4735 613 4818 presentis
643 4735 756 4819 scripti
786 4733 958 4818 privilegio
988 4733 1236 4796 communimus.
1284 4727 1392 4810 Quam
1422 4726 1575 4789 videlicet
1602 4722 1773 4786 ecclesiam
1802 4728 1835 4783 et

159 4814 296 4898 plebem
319 4820 502 4887 universam
526 4844 569 4888 ex
591 4825 715 4905 antiqui
743 4824 818 4887 iuris
846 4823 1055 4907 possessione
1084 4828 1212 4885 constat
1241 4816 1456 4903 proprietaria
1488 4815 1614 4877 ditione
1646 4812 1688 4875 ad
1720 4809 1834 4873 sedem

160 4906 381 4989 apostolicam
412 4920 446 4974 et
468 4912 651 4979 Romanam
683 4912 855 4977 ecclesiam
879 4912 1049 4997 pertinere.
1095 4909 1283 4974 Statuentes
1307 4910 1426 4987 itaque,
1455 4912 1490 4968 ut
1512 4920 1735 4984 quascumque
1759 4919 1836 4981 pos·

160 4996 333 5074 sessiones,
357 5019 565 5086 quecumque
587 5005 677 5068 bona
699 5003 731 5066 in
755 5003 992 5087 presentiarum
1016 5003 1100 5064 iuste
1123 5008 1157 5063 et
1180 4999 1338 5062 canonice
1358 4995 1543 5077 possidetis,
1565 4999 1621 5055 aut
1636 4992 1667 5053 in
1692 4989 1835 5052 futurum

160 5087 374 5151 concessione
397 5091 601 5173 pontificum,
624 5094 796 5175 largitione
820 5088 946 5177 re[gum
969 5087 1032 5176 vel]
1057 5091 1250 5173 principum,
1282 5086 1448 5149 oblatione
1471 5082 1625 5155 fidelium,
1654 5098 1711 5142 seu
1735 5079 1834 5140 etiam

160 5174 233 5237 aliis
259 5175 352 5240 iustis
381 5181 487 5244 modis
518 5183 583 5247 deo
615 5183 761 5267 propitio
792 5181 940 5264 poteritis
968 5180 1116 5264 adipisci,
1147 5178 1239 5241 firma
1262 5176 1357 5239 vobis
1385 5175 1565 5252 vestrisque
1592 5167 1835 5232 successoribus

161 5272 195 5327 et
216 5263 346 5330 illibata
368 5281 589 5351 permaneant.
627 5271 663 5335 In
688 5271 805 5354 quibus
827 5268 889 5334 hec
905 5271 1046 5352 propriis
1061 5270 1215 5332 duximus
1231 5262 1447 5349 exprimenda
1462 5259 1647 5326 vocabulis:
1672 5256 1834 5341 capellam

161 5357 265 5418 sancti
277 5351 481 5448 Mi[chaelis],
505 5364 648 5445 positam
664 5362 756 5430 iuxta
771 5358 903 5423 fluvium
923 5361 951 5439 ει)
974 5359 1069 5434 Unci,
1092 5378 1166 5422 cum
1182 5354 1384 5441 pertinentiis
1403 5353 1432 5433 b)
1456 5354 1531 5428 suis,
1555 5348 1714 5433 capellam
1730 5346 1835 5410 sancti

162 5442 368 5533 Martia[ni?],
399 5451 540 5531 positam
571 5451 603 5515 in
632 5449 739 5534 burgo
769 5448 848 5513 Else
867 5451 905 5529 c),
936 5468 1010 5511 cum
1040 5447 1241 5531 pertinentiis
1272 5446 1355 5520 suis,
1386 5441 1546 5526 capellam
1577 5445 1690 5502 sancte
1722 5436 1835 5510 Marie,

323 5609 350 5674 ⁸)
370 5608 590 5678 forrsRamrvon
607 5613 711 5664 andem
722 5610 797 5661 Dinre
869 5611 896 5679 b)
915 5628 961 5677 per
977 5628 1025 5661 von
1042 5609 1145 5658 andem
1155 5607 1231 5657 Dinle
1302 5593 1836 5673 c)rhei1weiseausxasm.....r)rvach

161 5689 370 5748 Kalmbrmer,
391 5685 519 5750 Papsrurk.
539 5685 565 5736 S.
585 5685 628 5738 38.
701 5685 727 5750 2)
752 5683 828 5749 Vergl.
847 5682 884 5733 die
904 5683 964 5733 Urk.
983 5700 1030 5733 von
1052 5683 1221 5731 urs-1124
1239 5678 1294 5727 und
1308 5693 1363 5729 vom
1382 5679 1397 5727 7
1416 5675 1545 5725 December
1563 5673 1640 5723 1153.

1915 5544 1950 5796 l
