3982 6194
1791 259 1831 329 33

156 434 390 509 commonitus,
413 431 439 494 si
464 452 530 495 non
554 439 680 495 reatum
703 451 797 494 suurn
821 451 964 514 congrua
987 432 1213 497 satisfactione
1238 432 1424 508 correxerit,
1447 435 1618 517 potestatis
1634 435 1833 517 honorisque

154 526 202 588 sui
225 525 389 608 dignitate
413 530 521 584 careat
544 540 701 602 reumque
723 541 760 583 se
776 521 885 583 divino
902 523 1020 586 iudicio
1037 523 1178 586 existere
1195 523 1237 585 de
1253 530 1443 604 perpeuata
1459 525 1628 605 iniquitate
1644 536 1832 609 cognoscat,

155 626 256 694 atque
288 617 321 677 in
354 621 505 676 extremo
537 612 688 674 examine
721 611 865 672 districte
897 610 1008 674 ultioni
1041 612 1217 675 subiaceat.
1265 609 1540 677 Conservantibus
1567 623 1677 678 autem
1699 618 1743 679 sit
1764 637 1834 699 pax

155 706 283 767 domini
307 703 411 767 nostri
435 700 507 763 lesu
532 699 660 774 Christi,
691 708 852 781 quatenus
883 700 992 764 ethic
1015 702 1155 765 fructum
1186 701 1274 763 bone
1296 702 1434 764 actionis
1465 706 1648 786 percipiant
1678 714 1712 769 et
1741 707 1831 789 apud

154 795 340 858 districtum
373 791 515 854 iudicem
545 791 671 872 premia
694 797 806 851 eterne
829 791 921 870 pacis
944 793 1118 854 inveniant.
1164 791 1283 853 Amen.
1308 788 1427 853 Amen.
1450 790 1570 858 Amen.

372 879 430 958 (Rl
453 879 527 962 Ego
549 880 758 942 Innocentius
780 877 942 942 catholice
966 879 1104 944 ecclesie
1127 882 1304 962 episcopus
1328 899 1369 943 ss.
1394 877 1456 964 (M)

373 968 393 1051 †
417 968 491 1052 Ego
514 967 697 1032 Wilielmus
720 969 928 1032 Prenestinus
952 969 1125 1052 episcopus
1148 989 1188 1031 ss.

372 1095 416 1105 -
440 1056 459 1142 †
483 1058 556 1140 Ego
579 1058 685 1120 Lucas
708 1057 869 1139 presbiter
891 1059 1061 1123 cardinalis
1085 1059 1130 1121 tit.
1154 1065 1342 1121 sanctorum
1364 1057 1518 1121 Iohannis
1543 1067 1576 1122 et
1598 1060 1686 1125 Pauli
1710 1082 1752 1125 ss.

371 1184 416 1194 —
439 1146 459 1230 †
482 1148 556 1229 Ego
580 1147 757 1229 Gregorius
781 1147 936 1210 diaconus
959 1148 1129 1211 cardinalis
1152 1155 1340 1210 sanctorum
1365 1144 1471 1229 Sergii
1495 1158 1528 1211 et
1552 1150 1653 1213 Bachi
1678 1171 1719 1214 ss.

373 1236 393 1320 †
417 1237 490 1320 Ego
515 1235 718 1319 Grisogonus
743 1237 898 1300 diaconus
921 1236 1090 1300 cardinalis
1112 1246 1226 1300 sancte
1250 1237 1353 1300 Marie
1377 1239 1409 1299 in
1432 1238 1562 1300 Porticu
1587 1259 1628 1304 ss.

318 1327 407 1391 Data
430 1327 520 1402 Pisis,
551 1347 611 1409 per
642 1346 773 1389 manum
795 1324 976 1401 AIMERICL
1007 1335 1120 1390 sancte
1151 1327 1301 1390 Romane
1331 1326 1467 1389 ecclesie
1499 1327 1625 1393 diaconi
1659 1329 1829 1393 cardinalis

156 1426 188 1479 et
212 1415 406 1479 cancellarii.
446 1414 531 1479 Non.
555 1413 762 1479 Novembris.
800 1415 982 1480 Indictione
997 1431 1068 1480 xl11.
1107 1417 1340 1479 Incarnationis
1363 1416 1527 1479 dominice
1549 1438 1635 1482 anno
1659 1419 1830 1483 millesimo

154 1507 339 1570 centesimo
363 1508 532 1587 trigesimo
555 1514 661 1568 sexto.
706 1504 918 1569 Pontificatus
941 1526 1019 1569 vero
1043 1506 1155 1569 domni
1178 1506 1360 1569 Innocentii
1386 1504 1445 1568 ΡΡ.
1468 1521 1494 1569 11
1517 1526 1604 1570 anno
1628 1520 1674 1572 VI.

322 1621 366 1671 Or.
383 1621 417 1669 im
434 1621 548 1669 Archivr'o
568 1620 702 1684 Capitulum
719 1637 749 1668 zu
765 1620 867 1669 Rimini.

321 1693 391 1759 Perg.
410 1694 470 1751 uat,
489 1694 524 1741 br.
544 1694 632 1753 0265,
651 1694 712 1758 lang
728 1694 797 1751 0,46,
816 1699 890 1742 urum
908 1693 985 1752 0,025
1002 1693 1190 1759 unigeschlagm,
1209 1692 1287 1741 durch
1304 1691 1362 1741 arvei
1377 1693 1470 1743 Licher
1483 1692 1546 1758 grirg
1561 1692 1599 1742 die
1616 1692 1721 1752 διήκειν,
1747 1694 1833 1745 welche

156 1765 199 1816 mit
216 1764 270 1813 dem
289 1765 416 1832 Blrisiegcl
429 1766 545 1824 verlorcn,
565 1764 673 1830 Fallung
689 1765 733 1813 der
749 1765 845 1813 Brdlerr.
884 1766 946 1814 Rota
964 1765 1005 1813 Nr
1022 1766 1047 1820 3.
1085 1764 1254 1829 Morwgramm
1272 1766 1338 1814 wohl
1352 1765 1394 1814 Nr
1410 1767 1442 1816 3b
1461 1765 1505 1814 mit
1522 1765 1651 1814 schmalem
1669 1764 1772 1830 Ko'rper.

915 2046 982 2122 ΝΥ.
1012 2051 1075 2123 41.

159 2202 313 2268 Innocens·
330 2199 375 2262 ΙΙ
393 2200 543 2281 bestdtrgt
564 2198 637 2261 dem
658 2199 739 2261 Abte
760 2198 877 2262 Albert
898 2198 1043 2277 vundan
1060 2200 1167 2262 Pietro
1188 2198 1228 2261 di
1247 2197 1402 2261 Cremona
1424 2199 1478 2262 die
1504 2198 1741 2262 Besitsthrlmer
1765 2201 1834 2266 und

271 2290 390 2356 Recute
404 2287 508 2354 serires
526 2286 671 2352 Klosters
687 2297 780 2352 unter
794 2288 962 2372 Erlegung
975 2290 1066 2353 einer
1070 2287 1259 2373 jr‘r'lrrliclzen
1273 2287 1403 2371 Abgabe
1418 2308 1479 2352 von
1494 2291 1538 2351 12
1553 2288 1711 2352 Denaren.

771 2425 854 2485 1139
869 2422 972 2505 April
984 2427 1036 2486 12.
1068 2423 1218 2486 Lateran.

318 2558 525 2622 Innocentius
541 2558 726 2640 episcopus,
743 2576 854 2619 servus
869 2577 1036 2621 servorum
1053 2558 1116 2633 dei,
1133 2556 1254 2620 dilecto
1270 2555 1336 2619 filio
1353 2557 1502 2633 Alberto,
1517 2558 1627 2621 abbati
1644 2559 1831 2621 monasterii

159 2651 258 2711 sancti
282 2651 371 2712 Petri
394 2649 482 2730 apud
508 2646 713 2721 Cremonam,
737 2647 870 2726 eiusque
893 2647 1137 2711 successoribus
1160 2647 1350 2728 regulariter
1364 2647 1599 2710 substituendis
1614 2660 1652 2710 IN
1667 2660 1744 2710 PPM.
1762 2645 1827 2730 -l

160 2738 312 2820 Suscepti
336 2739 501 2820 regiminis
525 2757 602 2799 cura
618 2757 678 2799 nos
694 2743 870 2810 ammonet,
894 2757 955 2818 pro
973 2737 1183 2799 ecclesiarum
1198 2744 1284 2797 statu
1301 2744 1436 2818 paterna
1451 2735 1669 2799 sollicitudine
1686 2738 1832 2818 cogitare

161 2847 280 2907 easque
304 2837 418 2891 contra
442 2847 617 2909 pravorum
640 2825 809 2888 hominum
832 2826 992 2905 nequitias
1015 2834 1129 2909 optate
1153 2824 1353 2888 defensionis
1377 2822 1544 2911 suffralgio
1569 2825 1755 2902 confovere,
1787 2834 1831 2901 ut,

161 2917 440 2997 quemadmodum
475 2925 585 2998 patres
615 2916 645 2978 in
677 2916 730 2978 dei
763 2916 889 2998 populo
921 2915 1072 2989 dicimur,
1103 2917 1148 2978 ita
1179 2935 1239 2997 per
1271 2914 1324 2977 dei
1356 2917 1494 2997 gratiam
1526 2935 1632 2978 rerum
1661 2915 1831 2979 effectibus

161 3006 424 3088 comprobemur.
456 3006 629 3086 Quocirca,
644 3005 764 3067 dilecte
779 3006 812 3068 in
828 3005 964 3068 domino
980 3005 1034 3081 fili,
1044 3003 1215 3067 ALBERTE
1231 3005 1343 3080 abbas,
1366 3006 1537 3078 tuistustis
1553 3004 1830 3086 postulationibus

159 3096 344 3177 apostolica
367 3095 569 3177 benignitate
592 3095 847 3158 accomodamus
870 3114 1046 3168 assensum,
1071 3103 1104 3157 et
1126 3094 1214 3156 beati
1239 3095 1324 3156 Petri
1349 3095 1590 3168 monasterium,
1621 3096 1673 3158 cui
1696 3103 1831 3158 auctore

160 3185 220 3248 deo
237 3205 374 3266 preesse
389 3185 576 3259 dinosceris,
600 3205 674 3248 curn
691 3184 841 3246 omnibus
857 3184 899 3245 ad
915 3184 1020 3266 ipsum
1038 3182 1274 3266 pertinentibus
1289 3184 1331 3246 ad
1349 3183 1539 3267 exemplum
1559 3185 1830 3267 predecessorum

160 3282 346 3338 nostrorum
369 3282 502 3338 sanctae
525 3274 761 3337 recordationis
784 3273 935 3354 Gregorii
959 3286 1009 3336 vn
1027 3273 1060 3353 ¹),
1091 3271 1254 3335 Paschalis
1278 3288 1302 3335 11
1325 3282 1424 3353 atque
1448 3272 1576 3349 Calixti‚
1605 3274 1829 3338 Romanorum

160 3363 362 3446 pontificum,
390 3363 569 3450 apostolicq
592 3363 679 3425 sedis
707 3362 873 3444 privilegio
898 3364 1145 3425 communimus
1191 3359 1390 3439 Statuentes,
1422 3371 1465 3440 ut,
1498 3383 1723 3445 quascumque
1753 3385 1830 3446 pos-

158 3456 329 3529 sessiones,
352 3472 558 3533 quecumque
582 3453 697 3533 [bona]
722 3453 838 3516 eadem
862 3451 1000 3515 ecclesia
1023 3454 1055 3514 in
1079 3452 1316 3534 presentiarum
1340 3453 1424 3515 iuste
1447 3462 1480 3516 et
1502 3454 1660 3516 canonice
1681 3454 1831 3534 possidet

159 3552 211 3607 aut
235 3544 265 3606 ei
287 3542 443 3625 legitimis
466 3542 611 3605 fidelium
628 3541 859 3605 donationibus
875 3542 1049 3624 pertinent,
1073 3560 1280 3622 quecumque
1295 3543 1394 3604 etiam
1411 3545 1443 3605 in
1459 3542 1600 3606 futurum
1617 3543 1830 3607 concessione

158 3633 367 3715 pontificum,
396 3631 589 3695 liberalitate
619 3651 732 3713 regum
756 3631 808 3695 vel
839 3631 1028 3714 principum,
1060 3630 1227 3693 oblatione
1258 3629 1406 3694 fidelium
1432 3650 1490 3694 seu
1513 3631 1583 3695 aliis
1607 3633 1700 3695 iustis
1723 3633 1830 3696 modis

155 3723 219 3787 deo
243 3723 391 3805 propitio
415 3724 538 3803 poterit
560 3722 707 3803 adipisci,
732 3720 824 3783 firma
846 3721 905 3785 tibi
929 3722 1059 3801 tuisque
1075 3719 1319 3783 successoribus
1343 3729 1375 3783 et
1391 3719 1516 3784 illibata
1532 3730 1755 3804 permaneant.
1794 3722 1830 3784 ln

156 3813 276 3894 quibus
300 3811 361 3874 hec
378 3813 519 3894 propriis
535 3812 688 3873 duximus
704 3810 871 3873 vocabulis
887 3810 1089 3873 annotanda:
1125 3808 1239 3872 cellam
1256 3810 1411 3873 videlicet
1430 3813 1534 3874 sancti
1550 3811 1647 3886 Pauli,
1671 3811 1828 3894 capellam

153 3902 307 3965 videlicet
329 3909 464 3964 sanctae
481 3902 592 3987 Marie,
614 3900 714 3963 sancti
738 3897 906 3963 Michaelis
930 3909 963 3961 et
985 3901 1087 3962 sancti
1111 3900 1269 3974 Bassiani,
1299 3901 1444 3963 decimas
1471 3919 1605 3980 quoque
1627 3900 1671 3963 de
1695 3897 1830 3988 [sancta]

156 3990 319 4072 Galdinga
343 4000 376 4053 et
398 3990 441 4052 de
459 3989 573 4053 Castro
588 3992 700 4053 veteri.
739 3986 949 4071 Sepulturam
971 4008 1049 4051 sane
1073 3989 1220 4052 eiusdem
1243 3987 1305 4051 loci
1327 3991 1462 4052 omnino
1478 3989 1615 4053 liberam
1631 4009 1703 4053 esse
1719 3990 1829 4054 decer-

154 4082 270 4156 nimus,
294 4087 331 4142 ut
354 4099 477 4154 eorum,
500 4080 555 4161 qui
578 4079 642 4142 illic
657 4079 786 4161 sepeliri
802 4078 1060 4152 deliberaverint,
1084 4078 1252 4140 devotioni
1269 4086 1303 4140 et
1317 4086 1465 4142 extreme
1480 4078 1646 4154 voluntati,
1669 4079 1728 4142 nisi
1744 4079 1830 4144 sorte

154 4169 431 4234 excommunicati
454 4171 526 4243 sint,
555 4167 657 4231 nullus
681 4168 827 4231 obsistat
874 4166 1030 4231 Obeunte
1051 4187 1130 4230 vero
1154 4176 1196 4242 te,
1226 4188 1312 4231 nunc
1342 4169 1489 4232 eiusdem
1521 4168 1584 4230 loci
1615 4167 1745 4244 abbate,
1776 4169 1829 4233 vel

153 4269 286 4323 tuorum
311 4257 461 4339 quolibet
483 4278 718 4334 successorum,
746 4256 852 4320 nullus
874 4257 918 4320 ibi
942 4257 1089 4337 qualibet
1111 4257 1332 4338 subreptionis
1355 4260 1475 4321 astutia
1496 4277 1554 4320 seu
1576 4256 1734 4321 violentia
1758 4279 1829 4339 pre·

154 4357 307 4431 ponatur,
330 4349 391 4409 nisi
414 4367 513 4429 quem
537 4347 652 4410 fratres
676 4348 840 4409 communi
864 4366 1026 4410 consensu
1042 4354 1099 4409 aut
1114 4345 1248 4409 fratrum
1265 4367 1340 4428 pars
1356 4346 1483 4411 consilii
1498 4347 1633 4411 sanioris
1649 4349 1830 4413 secundum

154 4439 204 4502 dei
217 4439 373 4501 timorem
386 4444 420 4499 et
431 4437 519 4500 beati
530 4438 702 4500 Benedicti
718 4436 864 4518 regulam
880 4435 1050 4518 elegerint;
1074 4435 1197 4522 electus
1212 4444 1322 4499 autem
1337 4437 1520 4500 aRomano
1533 4445 1659 4500 tantum
1673 4438 1830 4518 pontifice

154 4535 373 4591 consecretur.
391 4525 524 4600 Crisma,
549 4526 658 4589 oleum
673 4534 832 4605 sanctum,
857 4526 1118 4601 consecrationes
1134 4524 1281 4588 altarium
1297 4546 1355 4589 seu
1370 4525 1586 4601 basilicarum,
1609 4528 1831 4592 ordinationes

154 4615 394 4680 monachorum
409 4615 461 4678 vel
485 4616 684 4690 clericorum,
709 4616 816 4678 eidem
841 4616 1041 4678 monasterio
1057 4615 1297 4698 pertinentium,
1321 4636 1340 4678 a
1356 4617 1546 4697 dyocesano
1561 4619 1747 4699 suscipietis
1763 4620 1829 4701 epi·

153 4727 268 4788 scopo,
300 4705 463 4787 siquidem
488 4707 625 4787 gratiam
649 4713 748 4785 atque
771 4707 1036 4768 communionem
1060 4703 1241 4791 apostolice
1263 4706 1351 4769 sedis
1373 4704 1524 4769 habuerit
1546 4725 1653 4787 eaque
1674 4707 1774 4788 gratis
1797 4716 1831 4771 et

153 4797 220 4861 sine
236 4797 400 4878 pravitate
415 4794 553 4858 voluerit
576 4794 750 4869 exhibere,
785 4794 928 4874 alioquin
950 4793 1156 4868 catholicum,
1180 4813 1278 4875 quem
1304 4794 1489 4873 malueritis,
1512 4795 1610 4858 liceat
1625 4795 1719 4859 vobis
1741 4797 1830 4860 adire

153 4886 360 4959 antististem,
384 4892 417 4946 et
440 4882 482 4947 ab
507 4886 573 4963 [eo]
591 4885 872 4946 consecrationum
888 4892 1092 4946 sacramenta
1116 4885 1293 4966 suscipere.
1340 4884 1394 4948 De
1411 4892 1531 4960 cetero,
1554 4884 1675 4948 nullam
1690 4885 1829 4969 amplius

154 4976 388 5058 episcopusin
422 4974 540 5036 eodem
564 4975 762 5036 monasterio
792 4972 913 5036 habeat
943 4980 1141 5056 potestatem
1173 4992 1280 5052 neque
1313 4974 1618 5038 excommunicandi
1649 4983 1704 5038 aut
1734 4976 1831 5039 inter·

153 5064 286 5127 dicendi
310 5071 367 5127 aut
390 5063 431 5125 ad
455 5064 620 5144 synodum
642 5063 792 5125 vocandi.
831 5062 887 5125 Ad
911 5063 1058 5125 inditium
1082 5071 1191 5125 autern
1215 5071 1372 5145 percepte
1395 5063 1487 5127 huius
1510 5085 1529 5126 a
1552 5071 1665 5127 sancta
1680 5064 1829 5128 Romana

155 5153 292 5218 ecclesia
330 5152 485 5215 libertatis
523 5152 699 5215 duodecim
730 5153 881 5215 denarios
913 5151 1165 5215 Mediolanensis
1195 5161 1327 5216 monete
1357 5154 1568 5217 Lateranensi
1600 5153 1724 5236 palatio
1757 5175 1830 5236 per·

153 5243 288 5307 solvetis
312 5241 443 5324 singulis
471 5243 570 5305 annis
617 5240 705 5303 Nulli
736 5261 818 5323 ¹ergo
849 5241 1016 5305 hominum
1049 5241 1096 5304 sas
1128 5243 1185 5316 sit,
1215 5243 1398 5323 predictum
1430 5243 1605 5308 cenobium
1638 5264 1738 5327 super
1768 5243 1830 5307 hac

153 5341 264 5396 nostra
288 5333 522 5395 constitutione
545 5339 669 5394 temere
692 5330 885 5413 perturbare
908 5340 964 5395 aut
987 5332 1054 5394 eius
1077 5331 1303 5413 possessiones
1325 5332 1453 5396 auferre
1467 5333 1520 5395 vel
1535 5332 1663 5397 ablatas
1682 5336 1829 5410 retinere,

153 5423 298 5487 minuere
321 5419 373 5484 vel
404 5421 583 5483 temerariis
613 5420 841 5484 vexationibus
872 5420 1023 5504 fatigare,
1054 5421 1113 5483 sed
1146 5423 1256 5485 omnia
1286 5423 1412 5505 integra
1443 5431 1677 5486 conserventur
1706 5444 1828 5500 eorum,

152 5534 214 5596 pro
237 5531 379 5595 quorum
402 5510 635 5574 sustentatione
660 5519 693 5573 et
715 5508 952 5593 gubernatione
982 5530 1139 5575 concessa
1170 5518 1254 5588 sunt,
1285 5511 1397 5576 usibus
1421 5513 1620 5576 omnimodis
1651 5513 1829 5595 profutura.

154 5646 336 5656 -.-—.-....
340 5645 581 5653 -----..--.-.-

317 5685 344 5756 1)
366 5686 430 5735 oben
447 5685 485 5737 die
505 5686 621 5739 Urkunde
640 5703 695 5738 vom
713 5690 748 5737 10
766 5687 839 5736 Md'rr
858 5689 935 5739 1078.

1583 5778 1598 5834 5
1606 5765 1623 5800 ι
