3982 6194
149 268 212 341 Ῑ44

145 460 244 530 atque
268 447 423 511 canonice
446 445 568 530 poterit
590 443 736 525 adipisci,
769 444 861 508 firma
883 444 943 508 tibi
967 444 1095 527 tuisque
1117 443 1358 508 successoribus
1381 455 1415 508 et
1436 438 1561 506 illibata
1583 455 1807 526 permaneant

145 539 180 601 ln
205 537 323 619 quibus
345 537 405 623 hec
429 536 569 617 propriis
593 535 743 597 duximus
759 534 974 616 exprimenda
988 534 1171 597 vocabulis:
1203 535 1326 597 Lacum
1344 533 1496 596 videlicet
1510 553 1584 595 cum
1606 535 1810 615 pertinentiis

146 629 219 702 suis,
249 626 432 700 Astianum,
466 625 713 698 Mundezanum,
744 625 917 686 Paternum
949 644 1021 686 cum
1047 625 1248 705 pertinentiis
1279 623 1353 697 suis,
1384 623 1557 697 Pastinam,
1589 621 1707 686 Casale
1737 644 1810 685 cum

145 715 347 799 pertinentiis
363 715 436 788 suis,
460 713 589 795 Criptas
603 711 760 787 Anselmi,
779 712 959 775 Canianum
982 733 1055 775 cum
1079 714 1282 794 pertinentiis
1302 732 1422 786 eorum,
1439 708 1578 793 Valllem
1597 711 1639 774 de
1654 708 1810 797 Lutr]ana

147 825 220 868 cum
236 803 389 866 affinibus
404 802 663 879 suis,ecclesiam
680 812 791 887 sancte
804 803 906 888 Marie
922 804 954 863 in
970 803 1081 875 Parioi,
1098 802 1269 864 ecclesiam
1284 802 1388 863 sancti
1404 799 1524 882 Angeli
1542 801 1583 863 de
1599 802 1723 863 Forma
1738 822 1810 863 cum

146 894 233 956 silvis
256 904 296 956 et'
310 893 477 955 territoriis
500 892 573 966 suis,
602 890 772 952 ecclesiam
788 903 900 977 sancte
917 892 1018 976 Marie
1035 892 1076 953 de
1092 890 1227 953 Masena
1242 910 1315 953 cum
1332 891 1535 970 pertinentiis
1550 891 1615 952 suis
1632 901 1666 953 et
1683 890 1810 952 duobus

147 982 358 1057 molendinis,
390 981 559 1043 ecclesiam
590 990 702 1042 sancte
732 979 858 1055 Crucis,
890 982 993 1042 sancti
1021 979 1179 1061 Stephani
1213 991 1245 1042 et
1275 980 1378 1041 sancti
1402 979 1470 1041 Viti
1502 1000 1574 1042 cum
1605 980 1809 1059 pertinentiis

147 1091 268 1146 earum,
302 1071 473 1133 ecclesiam
495 1080 607 1154 sancte
632 1069 734 1155 Marie
757 1070 912 1155 rotunde,
942 1070 1112 1132 ecclesiam
1135 1079 1320 1131 sanctorum
1345 1067 1464 1156 Cosme
1496 1079 1528 1130 et
1551 1069 1706 1130 Damiani
1739 1089 1810 1130 cum

147 1160 349 1241 pertinentiis
378 1159 457 1234 suis,
489 1158 659 1221 ecclesiam
688 1160 791 1221 sancti
823 1158 1036 1240 Archangeli,
1070 1158 1241 1234 ecclesiam
1270 1159 1372 1220 sancti
1404 1157 1595 1233 Eleutherii,
1640 1157 1810 1219 ecclesiam

146 1250 247 1311 sancti
271 1249 423 1311 Iohannis
447 1249 479 1309 in
503 1248 663 1310 territorio
680 1249 919 1322 Frusinonensi,
944 1267 1006 1334 que
1031 1249 1121 1309 iuxta
1137 1247 1257 1310 flumen
1274 1246 1393 1309 Cosam
1409 1247 1471 1308 sita
1487 1257 1544 1320 est,
1568 1265 1642 1308 curn
1659 1246 1810 1309 omnibus

148 1339 189 1400 ad
214 1339 318 1418 ipsam
342 1337 579 1418 pertinentibus
603 1347 732 1398 etcum
756 1336 851 1399 casali
884 1338 1019 1418 integro
1053 1337 1224 1399 ecclesiam
1254 1346 1365 1421 sancte
1390 1336 1491 1420 Marie
1521 1335 1553 1396 in
1578 1335 1709 1398 Mutata
1740 1356 1810 1398 cum

147 1428 349 1508 pertinentiis
373 1427 446 1502 suis,
470 1426 576 1487 lacum
600 1426 641 1487 de
665 1426 820 1488 Maniano
844 1446 917 1488 cum
941 1427 1005 1488 suis
1029 1426 1232 1507 pertinentiis
1256 1435 1288 1487 et
1309 1444 1382 1487 cum
1399 1425 1427 1486 ei
1443 1424 1604 1486 adiacenti
1621 1422 1810 1501 hereditate,

147 1516 316 1578 ecclesiam
340 1517 442 1577 sancti
464 1514 592 1576 Nicolai
616 1525 649 1577 et
670 1516 773 1576 sancti
798 1516 914 1596 Moyse
938 1526 970 1577 et
994 1514 1150 1596 quicquid
1174 1515 1206 1576 in
1230 1514 1391 1577 territorio
1406 1514 1547 1575 Turricis
1567 1532 1627 1593 per
1650 1514 1812 1576 autentica

146 1616 305 1667 cartarum
336 1605 539 1665 monimenta
569 1604 676 1666 eidem
705 1604 864 1666 Berulane
895 1605 1031 1666 ecclesie
1062 1604 1224 1685 pertinere
1255 1602 1470 1684 cognoscitur.
1517 1601 1684 1684 Quicquid
1715 1604 1811 1664 etiam

147 1696 188 1756 de
220 1714 279 1756 suo
311 1695 377 1755 iure
400 1713 419 1754 a
443 1692 515 1754 filiis
538 1692 710 1773 Peregrini,
741 1692 855 1756 Girino
888 1693 1047 1768 videlicet,
1082 1693 1167 1754 Miro
1199 1703 1231 1754 et
1253 1692 1338 1768 Zita,
1369 1692 1553 1773 Peregrin0,
1588 1692 1715 1755 Ottone
1739 1701 1812 1754 eta

146 1782 290 1845 Iohanne
314 1781 473 1863 Capharo,
506 1801 526 1842 a
548 1782 696 1843 Daciano
720 1793 753 1843 et
776 1802 877 1844 uxore
900 1784 967 1845 eius
991 1782 1102 1857 Maria,
1133 1781 1334 1856 aTebaldo,
1367 1792 1509 1862 cognato
1538 1782 1639 1861 ipsius
1668 1781 1813 1855 Daciani,

147 1883 179 1934 et
202 1893 222 1933 a
244 1871 433 1946 Benedicto‚
466 1870 533 1932 filio
556 1869 702 1940 Baronis‚
733 1881 766 1932 et
797 1892 898 1934 uxore
928 1872 996 1934 eius
1019 1882 1052 1933 et
1075 1871 1242 1947 Landone,
1275 1870 1341 1932 filio
1369 1870 1518 1951 Ardingi,
1551 1882 1584 1932 et
1614 1890 1718 1932 uxore
1748 1871 1813 1933 eius

147 1961 340 2042 acquisitum
370 1969 435 2035 est,
466 1959 594 2020 firmum
626 1970 658 2021 et
688 1960 874 2023 inviolabile
900 1961 996 2023 vobis
1026 1972 1248 2035 conservetur,
1280 1960 1370 2021 salva
1400 1960 1597 2022 omnimodis
1630 1960 1753 2021 iustitia
1782 1970 1814 2022 et

147 2051 291 2124 serviti0‚
327 2050 417 2129 quod
448 2069 489 2110 ex
522 2048 649 2129 integro
679 2049 829 2135 Romane
860 2050 998 2112 debetur
1028 2050 1171 2135 ecclesie.
1224 2049 1418 2113 Universum
1449 2060 1598 2129 preterea
1620 2049 1814 2111 Berulanam

147 2139 352 2220 parrochiam
383 2148 450 2199 tam
481 2137 557 2212 tibi,
596 2158 695 2219 quam
726 2140 789 2200 tuis
821 2140 1061 2201 successoribus
1094 2139 1270 2219 regendam
1302 2158 1340 2200 ac
1369 2138 1623 2219 disponendam,
1656 2137 1813 2219 largiente

148 2228 220 2302 den,
245 2227 455 2290 concedimus
479 2236 511 2287 et
535 2226 773 2289 confirmamus.
820 2229 928 2308 Ipsam
961 2227 1112 2290 videlicet
1134 2228 1329 2290 Berulanam
1361 2228 1526 2289 civitatem
1557 2247 1631 2289 cum
1663 2227 1814 2289 omnibus

148 2316 372 2379 adiacentibus
402 2315 554 2390 ecclesiis,
588 2317 672 2378 intus
695 2317 746 2378 vel
772 2316 857 2392 soris,
891 2318 1105 2379 Frusinonem
1139 2337 1211 2378 cum
1239 2316 1392 2378 omnibus
1415 2317 1638 2379 adiacentibus
1662 2317 1814 2391 ecclesiis,

148 2407 309 2487 oppidum
340 2405 482 2466 Turricis
514 2424 587 2466 curn
619 2406 764 2468 ecclesiis
796 2407 875 2481 suis,
912 2407 1013 2487 Ripas
1045 2426 1118 2468 cum
1149 2406 1293 2467 ecclesiis
1323 2406 1389 2467 suis
1419 2416 1452 2467 et
1482 2405 1681 2467 monasterio
1713 2406 1814 2467 sancti

148 2495 301 2569 Silvestri,
332 2493 435 2555 Polen
467 2514 540 2555 cum
571 2495 715 2557 ecclesiis
738 2505 850 2580 sancte
874 2494 985 2581 Marie,
1017 2496 1119 2558 sancti
1144 2495 1228 2557 Petri
1261 2503 1294 2556 et
1323 2502 1435 2580 sancte
1459 2493 1619 2580 Columbe
1651 2505 1685 2557 et
1712 2494 1814 2556 sancti

148 2583 309 2646 Antonini
333 2593 365 2644 et
388 2583 540 2644 omnibus
563 2582 642 2645 aliis.
689 2584 901 2646 Harenariam
925 2604 999 2647 cum
1024 2585 1166 2647 ecclesiis
1190 2585 1254 2646 suis
1278 2593 1312 2646 et
1339 2584 1537 2645 monasterio
1568 2595 1680 2668 sancte
1705 2583 1815 2668 Marie,

150 2673 298 2736 Castrum
329 2691 402 2733 cum
433 2672 570 2734 ecclesia
601 2674 705 2735 sancti
728 2674 812 2736 Petri
845 2683 877 2734 et
908 2685 1019 2760 sancte
1043 2674 1147 2758 Ohve,
1171 2673 1273 2734 sancti
1299 2670 1433 2734 Andrce
1465 2684 1498 2734 et
1520 2674 1623 2735 sancti
1647 2669 1816 2754 Stephani,

149 2764 252 2824 sancti
268 2760 437 2822 Benedicti
455 2771 487 2822 et
503 2762 701 2824 monasterio
717 2763 820 2824 sancti
836 2761 957 2843 Angeli
975 2764 1016 2824 de
1033 2762 1191 2824 Merulata
1207 2771 1239 2824 et
1254 2763 1357 2823 sancti
1374 2762 1405 2823 N
1408 2761 1502 2823 icolai
1519 2773 1552 2824 et
1568 2763 1722 2824 omnibus
1738 2762 1815 2836 aliis,

151 2852 300 2913 Montem
316 2850 442 2930 nigrum
466 2870 539 2911 cum
563 2851 706 2912 ecclesiis
729 2852 802 2926 suis,
827 2852 1050 2914 Fabrateriam
1074 2870 1148 2914 cum
1171 2850 1298 2925 finibus,
1316 2851 1519 2930 pertinentiis
1535 2859 1568 2911 et
1583 2851 1730 2913 ecclesiis
1752 2851 1817 2913 suis

151 2941 235 3001 intus
258 2939 309 3001 vel
334 2938 419 3014 foris,
445 2937 648 3020 Ceperanum
672 2960 745 3002 cum
769 2941 905 3026 ecclesia
928 2952 1039 3026 sancte
1057 2941 1166 3025 Marie,
1191 2941 1294 3002 sancti
1316 2938 1508 3016 Paterniani,
1533 2941 1636 3002 sancti
1653 2938 1816 3014 lohannis,

150 3029 253 3091 sancti
270 3026 411 3103 Andrce,
435 3029 537 3090 sancti
555 3029 675 3109 Magni,
700 3030 802 3091 sancti
818 3030 955 3105 Nicolai,
980 3030 1082 3092 sancti
1103 3029 1210 3104 Blasii,
1235 3038 1347 3114 sancte
1363 3029 1496 3115 Marine,
1520 3030 1622 3092 sancti
1639 3028 1761 3110 Angeli
1785 3040 1819 3090 et

151 3117 304 3180 omnibus
327 3117 405 3192 aliis,
430 3116 611 3179 Cannetum
635 3138 709 3180 cum
732 3119 891 3180 canonica
914 3119 1016 3181 sancti
1032 3119 1117 3180 Petri
1135 3128 1167 3180 et
1182 3118 1319 3180 ecclesia
1333 3119 1436 3179 sancti
1453 3117 1615 3194 iohannis,
1639 3117 1817 3181 Castellum

150 3227 281 3286 novum,
305 3206 599 3287 Strangulagallum
619 3206 646 3287 a)
670 3227 743 3269 cum
767 3208 910 3270 ecclesiis
926 3209 999 3283 suis,
1017 3207 1194 3288 Carpinum
1210 3227 1283 3268 cum
1299 3207 1444 3268 ecclesiis
1459 3207 1533 3282 suis,
1551 3219 1697 3270 montem
1713 3209 1817 3270 sancti

150 3297 304 3359 Iohannis
327 3314 400 3358 cum
424 3295 569 3357 eiusdem
593 3297 733 3358 nominis
750 3298 956 3372 monasterio,
981 3297 1152 3359 ecclesiam
1172 3306 1282 3380 sancte
1298 3296 1508 3371 Pudentiane,
1525 3296 1697 3359 ecclesiam
1714 3297 1817 3360 sancti

151 3386 235 3447 Petri
260 3386 301 3446 de
321 3384 493 3460 Harenula,
518 3384 688 3447 ecclesiam
712 3387 814 3447 sancti
831 3386 958 3448 Nicolai
984 3387 1025 3448 de
1048 3385 1204 3459 Civitella‚
1230 3385 1400 3447 ecclesiam
1423 3396 1534 3470 sancte
1551 3380 1677 3471 M[arie,
1702 3382 1818 3471 sancti]

151 3472 280 3555 Angeli,
303 3474 405 3535 sancti
422 3471 510 3534 Pauli
535 3483 568 3535 et
584 3475 736 3536 omnibus
759 3475 837 3550 aliis,
854 3475 1022 3537 Babucum
1046 3495 1119 3537 cum
1143 3475 1279 3536 ecclesia
1302 3475 1405 3535 sancti
1421 3474 1551 3555 Angeli,
1575 3487 1687 3561 sancte
1705 3473 1819 3562 Marie,

151 3563 253 3625 sancti
269 3563 364 3637 Petri,
387 3563 489 3623 sancti
506 3562 616 3624 Leucii
634 3574 666 3625 et
683 3565 835 3626 omnibus
852 3565 930 3626 aliis.
971 3564 1042 3651 Hcc
1060 3565 1169 3645 itaque
1187 3565 1297 3625 omnia
1313 3574 1368 3625 tue
1384 3574 1579 3645 tuorumque
1595 3584 1819 3627 successorum

153 3651 359 3732 dispositioni
383 3661 542 3731 perpetuo
567 3653 700 3715 subesse
733 3673 911 3716 censemus,
956 3654 992 3715 In
1023 3649 1234 3736 molnasterio
1257 3647 1456 3737 sanctorum]
1488 3652 1643 3715 Iohannis
1666 3665 1699 3716 et
1730 3653 1820 3716 Pauli

153 3740 308 3821 quicquid
332 3739 375 3801 ad
398 3741 568 3821 antiquum
586 3739 616 3823 b)
637 3741 787 3804 Berulani
812 3744 958 3824 episcopi
984 3743 1032 3804 ius
1049 3742 1237 3823 episcopale
1258 3739 1284 3825 ⁰)
1310 3742 1467 3803 canonice
1483 3744 1633 3823 pertinet,
1658 3744 1821 3824 integrum

151 3830 246 3891 vobis
277 3839 436 3910 perpetuo
467 3830 585 3891 servari
617 3832 793 3907 sancimus,
833 3833 920 3894 salva
952 3833 1101 3893 nimirum
1132 3832 1164 3893 in
1196 3831 1349 3893 omnibus
1386 3842 1496 3916 nostre
1527 3843 1639 3919 sancte
1668 3832 1821 3917 Romane

153 3919 287 4004 ecclesip
320 3919 506 3980 reverentia.
552 3917 608 3980 Ad
638 3919 699 4005 hec
729 3940 788 4001 per
825 3921 984 4001 presentis
1023 3920 1183 4002 privilegii
1213 3920 1369 4000 paginam
1407 3921 1590 4001 apostolica
1626 3921 1822 3984 auctoritate

153 4008 365 4083 decernimus,
389 4016 424 4069 ut
447 4007 523 4068 nulli
549 4009 683 4071 omnino
708 4009 876 4071 hominum
900 4010 1003 4085 liceat,
1028 4010 1167 4072 eandem
1191 4009 1362 4071 ecclesiam
1386 4056 1393 4069 .
1419 4056 1425 4069 .
1451 4058 1457 4071 .
1481 4022 1722 4087 conserventur,
1753 4022 1822 4072 tam

152 4098 275 4173 vestris,
304 4116 403 4177 quam
427 4096 615 4159 clericorum
640 4108 672 4160 et
694 4118 875 4179 pauperum
899 4100 1008 4161 usibus
1032 4100 1231 4161 omnimodis
1254 4099 1432 4179 profutura.
1478 4098 1512 4161 Si
1537 4120 1601 4180 qua
1624 4100 1723 4181 igitur
1747 4147 1754 4161 .
1781 4147 1788 4161 .
1814 4145 1821 4160 .

154 4186 286 4249 Cunctis
309 4196 419 4248 autem
439 4184 467 4259 d)
493 4234 499 4248 .
524 4234 530 4247 .
556 4235 562 4248 .
586 4187 762 4249 inveniant.
809 4186 886 4249 Am.
910 4188 998 4250 A-m.
1022 4187 1099 4250 Am.
1123 4222 1166 4232 —

366 4275 419 4354 (R)
442 4274 516 4355 Ego
539 4275 732 4338 Anastasius
756 4277 915 4362 catholice
939 4277 1074 4363 ecclesie
1098 4278 1273 4358 episcopus
1296 4298 1336 4338 ss.
1362 4276 1424 4353 (Μ)

367 4397 402 4407 -
431 4359 451 4443 †
474 4364 547 4446 Ego
571 4364 843 4446 GG.(Gregorius)
866 4367 1026 4447 presbiter
1048 4365 1220 4428 cardinalis
1243 4365 1290 4428 tit.
1315 4365 1433 4428 Calixti
1457 4385 1497 4427 ss.

366 4448 386 4532 †
409 4452 482 4533 Ego
506 4453 615 4517 Guido
639 4455 800 4535 presbiter
822 4455 993 4517 cardinalis
1016 4456 1064 4517 tit.
1089 4455 1192 4516 sancti
1215 4454 1389 4536 Grisogoni
1410 4452 1437 4537 e)
1460 4475 1501 4516 ss.

364 4539 385 4619 †
408 4541 480 4622 Ego
504 4541 669 4605 Hubertus
693 4544 853 4624 presbiter
875 4544 1047 4606 cardinalis
1070 4544 1117 4606 tit.
1141 4554 1253 4606 sancte
1276 4545 1431 4606 Praxedis
1454 4564 1495 4605 ss.

367 4625 386 4709 †
410 4629 483 4711 Ego
506 4632 695 4694 Manlredus
718 4633 879 4713 presbiter
901 4633 1074 4696 cardinalis
1097 4633 1145 4695 tit.
1171 4642 1282 4695 sancte
1305 4633 1424 4696 Savine
1448 4654 1488 4695 ss.

365 4717 386 4797 †
409 4719 481 4800 Ego
505 4719 675 4783 Aribertus
699 4722 859 4803 presbiter
882 4722 1053 4784 cardinalis
1077 4722 1124 4784 tit.
1148 4734 1260 4784 sancte
1283 4722 1458 4785 Anastasie
1481 4743 1521 4784 ss.
1545 4717 1594 4804 (1)

367 4803 387 4888 †
411 4806 483 4889 Ego
507 4808 663 4872 Iordanus
686 4812 848 4891 presbiter
870 4811 1041 4874 cardinalis
1065 4812 1112 4873 tit.
1136 4821 1319 4873 sanctarum
1342 4811 1490 4897 Susanne
1521 4822 1553 4872 et
1576 4809 1758 4873 Felicitatis
1782 4829 1824 4872 ss.

366 4897 386 4973 †
410 4897 482 4978 Ego
508 4898 707 4962 Octavianus
730 4900 891 4981 presbiter
914 4901 1085 4963 cardinalis
1109 4901 1156 4962 tit.
1180 4910 1292 4962 sancte
1316 4899 1435 4962 Cecilie
1458 4921 1498 4962 ss.
1522 4896 1569 4981 (2)

368 4981 388 5066 †
411 4986 484 5067 Ego
509 4986 646 5050 Cencius
669 4989 830 5069 presbiter
852 4991 1023 5053 cardinalis
1047 4991 1094 5052 tit.
1119 4991 1220 5052 sancti
1244 4989 1410 5051 Laurentii
1434 4989 1466 5050 in
1490 4989 1615 5051 Lucina
1637 5007 1679 5050 ss.

368 5070 388 5155 †
411 5076 485 5157 Ego
509 5071 668 5139 Henricus
691 5078 852 5159 presbiter
876 5080 1047 5142 cardinalis
1070 5080 1118 5141 tit.
1142 5086 1328 5140 sanctorum
1351 5079 1448 5141 Nerei
1473 5089 1505 5140 et
1528 5077 1668 5140 Achillei
1693 5098 1734 5140 ss.

368 5197 411 5207 -
433 5166 454 5243 Τ
476 5165 549 5246 Ego
573 5166 674 5229 Oddo
699 5168 854 5231 diaconus
878 5169 1049 5231 cardinalis
1073 5168 1177 5229 sancti
1199 5166 1331 5249 Georgii
1356 5168 1397 5230 ad
1422 5167 1539 5231 Velum
1556 5168 1563 5227 1.
1580 5187 1713 5230 aureum
1736 5187 1778 5229 ss.

368 5254 389 5330 †
411 5253 483 5334 Ego
507 5254 667 5318 Rodullus
691 5257 848 5321 diaconus
871 5258 1040 5321 cardInalis
1063 5263 1175 5319 sancte
1199 5256 1299 5319 Lucie
1323 5259 1354 5319 in
1378 5257 1482 5339 Septa
1505 5257 1582 5319 solis
1605 5276 1647 5318 ss.

368 5338 388 5423 †
412 5342 484 5423 Ego
507 5343 684 5425 Gregorius
707 5347 864 5410 diaconus
887 5346 1058 5410 cardinalis
1080 5344 1184 5407 sancti
1207 5343 1328 5427 Angeli
1352 5367 1392 5409 ss.

157 5497 328 5507 ——-—

315 5568 340 5623 a)
359 5561 574 5626 Srangulagallum
644 5566 671 5628 b)
690 5566 735 5614 das
751 5566 860 5616 noeitcu
886 5568 939 5634 aus
956 5569 1039 5616 Rasur
1109 5576 1133 5629 c)
1153 5567 1219 5615 nicht
1234 5564 1321 5623 sicha,
1345 5564 1461 5614 vielleicll
1481 5564 1542 5614 auch
1571 5565 1679 5614 ecclesie
1752 5565 1780 5629 d)
1799 5580 1822 5614 m

157 5631 282 5680 ausradirr
297 5633 352 5680 rand
367 5635 404 5681 als
421 5634 650 5686 Abbreviaturstm'clt
668 5639 807 5703 ilbergesetat
876 5642 900 5704 e)
919 5640 1032 5688 troisclem
1050 5638 1187 5702 Grisogoni
1205 5639 1261 5687 und
1275 5654 1299 5686 ss
1319 5639 1402 5686 ll'asur
1418 5653 1465 5685 run
1483 5639 1562 5697 opto
1581 5637 1671 5702 [cinge.
