3982 6194
1789 278 1828 343 91

152 446 283 511 sideriis
306 465 488 528 congruum
511 445 669 528 impertiri
691 446 892 531 suffragium.
938 448 1133 532 Eapropter‚
1154 443 1159 533 1
1180 448 1291 512 dilecti
1315 450 1348 512 in
1365 448 1500 513 domino
1521 446 1587 523 filii,
1609 449 1725 512 vestris
1740 451 1833 514 iustis

154 534 434 619 postulationibus
458 535 638 599 clementer
660 538 839 612 annuimus,
871 545 904 601 et
927 538 1088 620 prefatam
1112 539 1283 602 ecclesiam
1307 538 1349 601 ad
1373 541 1422 601 ius
1445 536 1627 620 apostolice
1650 539 1737 602 sedis
1761 548 1835 622 per-

151 629 315 690 tinentem
331 625 601 709 predecessorum
618 635 812 705 nostrorum,
829 626 932 692 felicis
949 629 1106 691 memorie
1122 648 1209 710 pape
1218 628 1366 703 URBANJ,
1382 629 1549 690 Pascnnls
1565 634 1664 710 atque
1676 627 1832 706 curun,

153 716 302 798 vestigiis
325 714 520 790 inherentes,
542 716 604 779 sub
627 717 716 781 beati
739 718 826 780 Petri
850 725 883 780 et
905 724 1016 781 nostra
1038 719 1243 800 protectione
1266 719 1460 799 suscipimus
1485 724 1518 779 et
1541 719 1702 799 presentis
1718 720 1832 802 scripti

153 804 326 889 privilegio
356 803 605 868 communimus.
659 807 865 882 statuentes,
902 814 938 869 ut
969 826 1192 887 quascumque
1224 808 1465 888 possessiones,
1505 826 1712 888 quecumque
1742 808 1833 871 bona

154 895 274 959 eadem
295 896 324 974 a)
348 893 483 958 ecclesia
506 894 539 957 in
563 896 799 977 presentiarum
822 897 906 959 iuste
929 903 963 958 et
986 898 1143 960 canonice
1159 897 1316 978 possidet,
1340 903 1395 959 aut
1411 897 1443 959 in
1459 895 1603 960 futurum
1620 899 1833 962 concessione

154 983 359 1067 pontificum,
389 983 560 1066 largitione
590 1005 702 1067 regum
727 986 778 1049 vel
806 985 1005 1068 principum,
1037 986 1202 1049 oblatione
1229 984 1373 1048 fidelium
1406 1005 1462 1048 seu
1493 984 1562 1047 aliis
1593 986 1683 1048 iustis
1716 987 1831 1062 modis,

154 1081 326 1156 prestante
350 1072 495 1147 domino,
519 1075 642 1156 poterit
664 1074 812 1158 adipisci,
839 1074 933 1139 firma
957 1076 1051 1139 vobis
1073 1075 1253 1156 vestrisque
1276 1075 1518 1138 successoribus
1549 1083 1583 1137 et
1612 1073 1737 1139 illibata
1759 1097 1832 1158 per·

154 1171 319 1226 maneant
364 1162 401 1225 In
432 1161 549 1243 quibus
579 1161 641 1226 hec
663 1165 805 1247 propriis
827 1165 982 1228 duximus
1012 1166 1227 1247 exprimenda
1254 1163 1438 1228 vocabulis:
1476 1163 1648 1227 ecclesiam
1680 1164 1832 1229 videlicet

154 1261 269 1316 sancte
292 1251 433 1328 Valerie,
456 1253 554 1314 sitam
577 1254 610 1315 in
633 1253 718 1331 loco,
743 1257 798 1336 qui
821 1252 940 1337 Augea
963 1262 1175 1336 nuncupatur,
1199 1254 1370 1317 ecclesiam
1390 1254 1419 1334 b)
1441 1254 1547 1317 sancti
1571 1251 1764 1318 Christofori
1789 1255 1832 1318 de

154 1342 285 1425 Campo
309 1362 422 1406 macro
446 1349 479 1404 et
502 1341 674 1407 ecclesiam
698 1346 802 1408 sancti
821 1342 971 1408 Nicholai
995 1343 1037 1407 de
1054 1342 1166 1426 Gurgo
1190 1365 1263 1406 curn
1280 1344 1432 1407 omnibus
1449 1345 1490 1406 ad
1508 1362 1563 1406 eas
1583 1343 1831 1425 pertinentibus.

157 1431 395 1496 Censtituimus
419 1438 578 1513 preterea,
602 1440 637 1494 ut
650 1442 765 1513 quarta
780 1454 856 1516 pars
872 1434 1057 1497 reddituum
1081 1441 1263 1498 vestrorum
1286 1435 1319 1496 in
1343 1453 1419 1496 usus
1434 1432 1602 1515 hospitum
1618 1433 1832 1516 expendatur,

153 1519 404 1586 xenodochium
428 1528 537 1584 autem
567 1521 599 1584 in
623 1530 732 1586 vestra
762 1530 928 1606 potestate
957 1531 1156 1607 permaneat.
1202 1520 1356 1586 Obeunte
1384 1543 1463 1586 vero
1494 1530 1537 1597 te,
1568 1543 1653 1586 nunc
1684 1523 1830 1586 eiusdem

155 1612 219 1675 loci
252 1611 425 1694 preposito
446 1615 490 1689 0),
529 1610 581 1673 vel
610 1618 740 1676 tuorum
772 1612 920 1693 quolibet
953 1632 1188 1685 successorum,
1220 1611 1325 1676 nullus
1355 1612 1400 1675 ibi
1432 1611 1579 1692 qualibet
1608 1613 1830 1694 subreptionis

154 1702 275 1765 astutia
293 1698 326 1785 d)
349 1720 407 1763 seu
429 1700 586 1763 violentia
615 1710 825 1785 preponatur,
856 1704 917 1766 nisi
948 1722 1045 1784 quem
1079 1701 1193 1765 fratres
1224 1703 1391 1765 communi
1422 1721 1583 1764 consensu
1613 1701 1665 1765 vel
1696 1702 1830 1765 fratrum

155 1811 229 1873 pars
262 1789 391 1853 consilii
420 1788 558 1852 sanioris
589 1791 769 1854 secundum
801 1791 855 1855 dei
884 1793 1038 1855 timorem
1070 1799 1104 1854 et
1131 1792 1222 1855 beati
1245 1790 1423 1873 Augustini
1456 1791 1600 1873 regulam
1633 1791 1832 1874 providerint

155 1879 352 1962 eligendum.
395 1878 468 1941 Nec
491 1879 554 1961 ipsi
577 1899 655 1944 vero
679 1900 738 1943 nec
770 1879 864 1945 alicui
896 1880 959 1945 loci
988 1883 1057 1944 eius
1081 1881 1227 1944 ministro
1260 1880 1397 1944 facultas
1427 1881 1478 1955 sit,
1509 1879 1647 1968 ecclesie
1677 1881 1767 1944 bona
1798 1883 1831 1943 in

156 1969 290 2033 feudum
316 1968 474 2032 militibus
497 1967 549 2031 vel
572 1967 734 2050 aliquibus
760 1971 908 2056 personis
938 1970 1136 2034 secularibus
1167 1969 1332 2052 impertiri.
1379 1969 1653 2034 Consecrationes
1682 1969 1831 2034 altarium

155 2059 204 2122 vel
227 2057 451 2135 ecclesiarum,
475 2057 699 2122 ordinationes
722 2059 913 2124 clericorum
937 2062 981 2124 ab
1005 2061 1180 2143 episcopis,
1203 2061 1236 2123 in
1261 2080 1400 2142 quorum
1425 2059 1611 2123 diocesibus
1626 2066 1735 2123 vestre
1757 2067 1832 2122 sunt

157 2149 305 2235 ecclesie,
328 2149 507 2229 accipietis,
529 2147 689 2230 siquidem
714 2147 865 2214 catholici
889 2149 1006 2213 fuerint
1030 2156 1063 2213 et
1086 2151 1223 2232 gratiam
1246 2157 1347 2229 atque
1369 2150 1632 2212 communionem
1648 2149 1832 2236 apostolice

157 2239 242 2302 sedis
264 2237 449 2313 habuerint,
480 2244 513 2300 et
535 2238 563 2299 si
587 2257 643 2300 eas
666 2239 764 2321 gratis
787 2260 826 2302 ac
849 2241 919 2302 sine
942 2240 1103 2322 pravitate
1125 2238 1285 2302 voluerint
1308 2236 1473 2315 exhibere,
1497 2238 1576 2302 alias
1604 2238 1699 2301 liceat
1727 2239 1831 2317 vobis,

158 2326 364 2402 catholicum,
386 2346 485 2407 quem
508 2325 684 2402 volueritis,
706 2328 795 2392 adire
818 2328 1009 2412 episcopum
1034 2336 1067 2391 et
1089 2329 1131 2392 ab
1155 2349 1196 2392 eo
1219 2328 1405 2393 huiusmodi
1422 2327 1703 2391 consecrationum
1726 2349 1832 2391 sacra·

159 2425 267 2481 menta
290 2416 464 2499 suscipere.
510 2415 563 2479 De
586 2424 707 2491 cetero,
731 2417 853 2481 nullam
877 2419 1052 2501 episcopus
1076 2419 1107 2481 in
1131 2417 1277 2501 predicta
1299 2417 1437 2482 ecclesia
1457 2425 1657 2500 potestatem
1678 2426 1832 2481 exerceat

160 2526 264 2588 neque
286 2505 595 2571 excommunicandi
619 2526 727 2588 neque
748 2507 963 2571 interdicendi
986 2506 1106 2571 autad
1130 2506 1282 2571 sinodum
1307 2507 1471 2570 iudiciaria
1494 2512 1659 2589 potestate
1681 2507 1832 2582 vocandi,

160 2617 195 2660 eo
209 2597 365 2660 nimimm
379 2603 495 2660 tenore
509 2603 649 2670 servat0,
672 2603 707 2660 ut
723 2617 837 2660 omnes
860 2597 995 2686 ecclesie
1011 2598 1113 2679 ipsius
1128 2596 1234 2684 clerici
1255 2605 1283 2670 e)
1307 2599 1340 2660 in
1359 2596 1434 2661 loco
1450 2598 1529 2679 ipso·
1539 2596 1780 2678 possessionem
1799 2593 1830 2681 s)

162 2686 284 2762 faciant,
315 2685 452 2769 proprio
482 2705 548 2749 non
579 2692 709 2748 utantur
739 2694 773 2749 et
796 2689 885 2751 omni
907 2688 974 2750 vite
1006 2707 1064 2774 sue
1094 2694 1245 2768 tempore
1271 2687 1332 2750 sub
1361 2685 1516 2768 regularis
1539 2687 1605 2749 vite
1628 2685 1831 2749 districtione

164 2783 386 2858 permaneant,
416 2774 503 2838 unde
532 2775 631 2838 etiam
663 2777 866 2858 temporibus
898 2776 1161 2859 competentibus
1191 2783 1301 2858 preter
1331 2775 1514 2839 emulorum
1538 2775 1830 2840 contradictionem

167 2865 201 2927 ad
229 2864 382 2946 synaxim
414 2863 654 2939 celebrandam,
684 2865 744 2927 nisi
772 2865 934 2948 generalis
964 2865 1147 2928 interdictio
1180 2864 1286 2940 fuerit,
1315 2866 1408 2947 signa
1438 2863 1567 2948 pulsare
1600 2873 1633 2928 et
1656 2873 1831 2929 consuetas

169 2957 384 3035 possessiones
408 2953 575 3017 celebrare
599 2954 819 3018 concedimus.
866 2953 1077 3038 Sepulturam
1101 2975 1234 3037 quoque
1258 2955 1405 3018 eiusdem
1427 2954 1492 3018 loci
1514 2954 1648 3018 liberam
1666 2974 1738 3018 esse
1754 2976 1831 3019 con·

173 3044 312 3120 cedimus
337 3053 372 3107 ut
390 3045 420 3123 t)
444 3063 567 3118 eorum,
592 3043 647 3125 qui
670 3063 706 3106 se
728 3043 791 3106 illic
806 3044 956 3128 sepellire
973 3043 1234 3119 deliberaverint,
1257 3044 1426 3108 devotioni
1441 3042 1494 3106 vel
1510 3052 1658 3108 extreme
1674 3043 1831 3109 voluntati

175 3132 262 3196 nullus
293 3133 448 3208 obsistat,
483 3133 543 3195 nisi
574 3135 848 3197 excommunicati
880 3134 998 3198 fuerint
1029 3133 1081 3196 vel
1111 3134 1290 3208 interdicti,
1321 3131 1411 3196 salva
1428 3132 1458 3213 h)
1489 3133 1609 3197 iustitia
1627 3132 1657 3215 ἰ)
1689 3135 1830 3198 matricis

177 3222 304 3311 ecclesie.
346 3222 393 3288 Ut
407 3220 545 3306 aut(em)
561 3222 591 3283 in
606 3230 721 3285 sancte
736 3221 898 3305 religionis
916 3221 945 3308 1ί)
961 3224 1190 3288 observatione
1213 3223 1314 3305 quieti
1329 3230 1363 3286 et
1378 3222 1483 3285 seduli
1498 3223 1540 3286 ab
1556 3223 1644 3287 omni
1668 3223 1832 3288 mundane

108 3326 110 3333 ·
180 3313 380 3394 oppressionis
403 3313 592 3394 gravamine
616 3312 782 3388 maneatis,
811 3313 888 3376 nulli
920 3312 973 3376 alii
1004 3313 1066 3375 nisi
1089 3313 1237 3375 Romane
1260 3320 1294 3375 et
1317 3312 1498 3394 apostolice
1521 3312 1599 3387 sedi,
1631 3313 1721 3376 cuius
1754 3315 1831 3377 iuris

181 3403 247 3478 estis,
267 3403 376 3485 aliqua
398 3402 571 3465 teneamini
596 3402 769 3464 occasione
791 3402 938 3466 subiecti.
985 3404 1136 3465 Preterea
1158 3401 1309 3465 laborum
1324 3409 1517 3475 vestrorum,
1542 3422 1625 3484 quos
1641 3402 1782 3485 propriis
1801 3400 1831 3487 1)

183 3491 305 3556 nauibus
324 3491 355 3576 ¹)
379 3499 435 3555 aut
457 3490 640 3573 sumptibus
664 3489 778 3567 colitis,
802 3490 905 3555 nullus
928 3513 948 3554 a
970 3492 1066 3555 vobis
1090 3490 1236 3554 decimas
1252 3491 1382 3573 exigere
1397 3499 1571 3573 presumat
1616 3491 1833 3556 Decernimus

184 3598 250 3662 ergo,
271 3591 306 3645 ut
327 3580 406 3645 nulli
431 3579 564 3644 omniuo
587 3578 758 3642 hominum
782 3580 884 3657 liceat,
908 3580 1069 3664 prefatum
1092 3580 1201 3644 locum
1224 3589 1349 3644 temere
1372 3582 1563 3662 perturbare
1585 3589 1642 3645 aut
1664 3583 1733 3645 eius
1755 3602 1832 3665 pos·

185 3671 317 3736 sessiones
340 3669 468 3735 auferre
491 3668 543 3733 vel
558 3668 685 3733 ablatas
708 3669 846 3733 retinere
871 3719 877 3734 .
901 3719 909 3732 .
932 3719 939 3734 .
964 3717 971 3733 .
995 3669 1084 3734 salva
1100 3670 1188 3734 sedis
1208 3670 1392 3753 apostolice
1407 3670 1607 3734 auctoritate.
1655 3669 1689 3735 Si
1701 3674 1742 3753 ¹1¹)
1767 3692 1832 3755 qua

185 3758 257 3840 igitur
278 3813 284 3826 .
308 3810 315 3824 .
340 3811 347 3825 .
372 3809 379 3822 .
404 3760 537 3825 Cunctis
559 3767 669 3822 autem
694 3807 701 3821 .
725 3809 732 3821 .
755 3806 763 3821 .
787 3806 794 3821 .
818 3761 993 3826 inveniant.
1040 3758 1161 3824 Amen.
1184 3758 1308 3822 A-m.
1331 3757 1452 3823 Amen.

372 3850 428 3930 (R)
451 3847 525 3931 Ego
549 3847 713 3930 Eugenius
736 3846 898 3936 catholice
922 3849 1059 3937 ecclesie
1082 3851 1257 3932 episcopus
1280 3868 1322 3912 ss.
1344 3850 1407 3930 (M)

373 3975 415 3987 -
438 3938 458 4019 †
480 3936 554 4020 Ego
578 3936 751 4001 Hubaldus
774 3939 937 4020 presbiter
960 3938 1128 4003 cardinalis
1151 3940 1199 4001 tit.
1224 3944 1336 4002 sancte
1358 3938 1516 4003 Praxedis
1538 3959 1580 4002 ss.
1604 3936 1657 4023 (1)

370 4029 392 4109 †
415 4028 488 4110 Ego
511 4026 686 4090 Aribertus
709 4028 872 4108 presbiter
895 4029 1067 4093 cardinalis
1090 4029 1137 4091 tit
1160 4036 1271 4091 sancte
1294 4026 1470 4092 Anastasie
1492 4048 1533 4090 ss.

372 4117 393 4198 †
415 4118 488 4200 Ego
513 4114 612 4199 Hugo
635 4117 799 4197 presbiter
822 4117 991 4182 cardinalis
1015 4120 1062 4182 tit
1085 4117 1117 4181 in
1140 4118 1265 4181 Lucina
1288 4138 1329 4180 ss.
1353 4120 1406 4196 (2)

372 4206 393 4292 †
414 4207 488 4290 Ego
512 4205 670 4269 Iordanus
694 4206 855 4289 presbiter
878 4207 1048 4271 cardinalis
1072 4207 1119 4271 tit.
1142 4215 1256 4293 sancte
1279 4204 1426 4295 Susanne
1449 4227 1491 4270 ss.

376 4332 413 4342 -
427 4296 447 4377 †
458 4296 532 4378 Ego
545 4292 743 4358 Octavianus
754 4297 912 4360 diaconus
924 4296 1095 4361 cardinalis
1106 4298 1209 4361 sancti
1222 4295 1374 4361 Nicholai
1387 4298 1418 4360 in
1431 4316 1561 4360 carcere
1569 4295 1720 4361 Tulliano
1732 4315 1774 4358 ss.
1785 4292 1832 4381 (6)

318 4385 397 4448 Dat.
421 4387 539 4460 Brixie,
570 4404 630 4467 per
653 4404 784 4448 manum
809 4384 997 4463 GUIDONIS,
1026 4395 1137 4451 sancte
1161 4386 1310 4450 Romane
1334 4387 1472 4450 ecclesie
1502 4386 1629 4449 diaconi
1658 4385 1832 4449 cardinalis

176 4479 202 4532 et
219 4473 405 4538 cancellarii.
451 4489 526 4539 xvss
545 4472 599 4536 Kl.
623 4471 775 4556 Augusti.
819 4475 1000 4539 Indictione
1022 4490 1068 4540 xl.
1114 4476 1347 4540 lucarnationis
1370 4476 1534 4564 dominice
1557 4496 1644 4540 anno
1661 4460 1831 4539 Mchvlll.

173 4559 369 4627 Pontificatus
390 4585 469 4628 vero
492 4565 605 4628 domni
625 4567 652 4646 ¹¹)
675 4563 813 4646 Eugenii
837 4564 897 4628 ΡΡ.
920 4583 971 4628 1111
994 4585 1079 4629 anno
1103 4574 1230 4650 quarto.
1252 4601 1296 4612 —

322 4679 365 4729 Or.
384 4679 428 4728 der
443 4677 576 4728 Kollection
594 4678 700 4729 Morbus
716 4695 764 4728 von
783 4679 905 4741 Mailand,
924 4680 1058 4747 angebaris!
1075 4680 1151 4730 durch
1169 4681 1253 4730 Herm
1279 4680 1487 4746 Willmersdirser
1503 4696 1530 4731 u.
1548 4697 1580 4739 a„
1598 4677 1625 4729 in
1643 4678 1777 4728 Mencken.

321 4752 391 4817 Perg.
409 4751 470 4810 ital,
488 4752 524 4802 br.
542 4753 613 4811 ono,
631 4752 692 4817 lang
709 4752 794 4810 0,605,
819 4759 893 4802 umen
911 4753 990 4812 0,036
1007 4753 1195 4818 unigeschlagm,
1220 4753 1297 4801 durch
1321 4753 1380 4802 nwei
1394 4752 1487 4802 Liclur
1500 4752 1558 4818 geht
1574 4752 1610 4801 die
1627 4768 1682 4801 rosa
1700 4750 1757 4800 und
1767 4752 1833 4816 gelbe

165 4822 297 4889 grrbsddr'ge
325 4823 513 4883 Seidenscknur,
541 4823 600 4871 iiber
625 4823 677 4871 dem
704 4821 831 4888 Bleisiegel
852 4824 919 4873 stark
941 4824 1051 4889 gedrcht,
1081 4825 1152 4874 dieses
1179 4824 1227 4879 Νν.
1253 4827 1277 4873 4.
1315 4824 1422 4891 Fallung
1447 4824 1490 4872 der
1515 4825 1612 4873 Brdlen.
1649 4824 1712 4871 Rota
1738 4822 1785 4875 Nr.
1807 4826 1830 4871 1.

168 4895 330 4962 ilforrogrnmm
347 4894 395 4944 Nr.
415 4895 453 4953 3⁸,
474 4896 518 4944 dus
536 4896 559 4944 Α
577 4893 640 4943 klein
657 4896 712 4944 und
734 4894 760 4942 in
778 4894 816 4943 die
834 4895 909 4945 Mitte
933 4895 976 4945 der
993 4895 1097 4961 Scirhgc
1114 4896 1222 4961 geriickt,
1241 4895 1299 4946 brcit
1316 4898 1402 4956 0,025,
1427 4895 1486 4943 koch
1504 4897 1589 4955 onir.
1627 4894 1764 4960 Rrirgkreuz
1781 4894 1836 4942 und

169 4967 327 5033 bhtnschn'st
343 4965 458 5016 dmrklerc
469 4967 600 5032 Drirtefllr
611 4965 668 5026 sich,
690 4965 827 5032 Umsclm'fl
843 4967 910 5016 wohl
923 4967 1011 5016 andere
1022 4967 1103 5016 Hand
1118 4970 1155 5016 als
1167 4968 1303 5032 Ir'onscript,
1322 4984 1393 5018 wenn
1409 4967 1472 5016 auch
1486 4967 1575 5032 gleiche
1587 4965 1670 5015 Divite.
1706 4965 1834 5032 Datimng

165 5055 207 5086 von
223 5039 302 5088 Haud
316 5038 374 5088 und
388 5038 464 5087 Dinte
481 5038 520 5087 des
537 5038 726 5102 Hauptkirpers.
764 5037 888 5089 Gnidonis
906 5038 988 5099 daria,
1006 5039 1074 5088 wohl
1087 5055 1134 5089 von
1152 5040 1195 5090 der
1212 5040 1287 5089 Dintc
1305 5039 1349 5089 der
1369 5039 1537 5105 Unterschn‘ft,
1555 5038 1749 5104 mrigetragen.'

318 5218 344 5284 a)
370 5217 417 5267 Vor
434 5232 466 5265 ea
482 5218 567 5266 anr
655 5217 682 5282 b)
701 5217 778 5267 dovor
795 5219 880 5266 Rnncr
895 5216 957 5268 erices
974 5215 1123 5268 et·Zeichens
1212 5218 1236 5281 c)
1255 5218 1332 5268 dovor
1352 5219 1438 5266 anr
1526 5216 1554 5285 d)
1572 5217 1631 5268 iiber
1653 5218 1707 5268 dm
1724 5223 1833 5268 erstena

166 5291 242 5339 Rasur
312 5291 338 5354 e)
355 5305 402 5338 vor
419 5306 432 5339 c
450 5290 536 5337 Rasur
616 5289 641 5355 f)
659 5289 726 5339 wohl
740 5289 927 5354 professionem
1010 5290 1037 5356 g)
1056 5295 1066 5338 t
1084 5290 1136 5355 auf
1147 5292 1232 5339 Rasur
1314 5289 1343 5357 h)
1360 5289 1413 5353 aus
1425 5292 1511 5339 Rasur
1590 5290 1609 5356 i)
1628 5290 1666 5340 ius
1683 5291 1736 5355 aus
1748 5291 1835 5339 Rasur

166 5360 189 5427 lr)
205 5377 251 5412 von
268 5368 310 5413 aut
328 5378 363 5411 an
376 5362 499 5428 gedrie'ngt
514 5361 566 5427 nris
579 5362 664 5410 Rusur
734 5361 753 5424 l)
772 5361 825 5427 nus
836 5362 921 5411 Ramr
991 5364 1028 5428 m)
1047 5361 1065 5411 S
1083 5362 1135 5427 auf
1148 5364 1232 5411 Rasur
1302 5366 1329 5428 n)
1348 5361 1393 5411 das
1410 5379 1426 5411 o
1444 5362 1522 5411 durch
1539 5362 1674 5413 Korrectur
1695 5362 1833 5429 hergesrcllr.
