3982 6194
1804 269 1846 367 ³9

164 437 363 518 persolvatis
387 447 487 521 atque
518 449 675 522 tanquam
704 444 842 524 proprio
872 444 1032 528 episcopo
1064 444 1228 509 humiliter
1251 445 1401 527 pareatis.
1447 444 1608 527 Alioquin
1638 448 1844 523 sententiam,

165 546 266 606 quam
290 528 364 609 ipse
387 538 455 591 tam
480 530 513 592 in
536 531 679 608 clericos,
704 552 802 613 quam
827 533 860 594 in
884 533 985 597 laicos
1008 535 1145 598 rebelles
1169 544 1202 598 et
1225 536 1406 598 monachos
1430 537 1588 598 canonice
1614 537 1844 618 promulgavit,

163 635 226 678 nos
251 627 386 680 auctore
411 618 548 682 domino
572 632 674 684 ratam
698 620 902 685 habebimus.
926 658 970 671 -
993 623 1069 687 Dat.
1093 626 1253 700 Laterani,
1277 639 1313 687 vl
1337 625 1413 687 Idus
1436 624 1523 687 Maii.

326 732 452 798 Absckn'st
467 749 522 782 vom
542 738 574 784 17
596 734 689 799 Jahrb.
707 735 748 784 des
765 736 838 785 Liber
854 736 935 803 Nr'ger
944 746 972 803 p.
992 741 1035 799 73,
1053 739 1080 788 in
1100 739 1252 789 Privatbcsr'tr
1269 756 1298 788 ru
1319 739 1403 790 Νίκα.

927 1026 993 1100 Nr.
1023 1030 1087 1103 45.

168 1163 309 1230 Colestin
326 1167 372 1230 ΙΙ
388 1167 538 1251 bestctttgt
559 1170 632 1234 dem
655 1172 735 1236 Aba
757 1174 870 1239 Albcrt
889 1196 949 1239 von
965 1175 1032 1240 San
1053 1177 1193 1240 Lorenro
1207 1175 1322 1240 vasso
1344 1175 1403 1257 (D.
1421 1175 1767 1259 Piraeo-Montalcino)
1787 1175 1843 1240 die

163 1253 409 1321 Besitatlni'mer
422 1258 602 1338 undsreics
617 1261 897 1343 Aufnalzmerrckt
915 1267 1018 1329 scires
1036 1263 1192 1344 Klosters,
1219 1266 1353 1330 welches
1377 1267 1463 1329 erin
1478 1265 1709 1348 apostolisclten
1726 1264 1843 1329 Sclmta

440 1349 564 1428 m‘mmt,
590 1349 834 1436 beiffihrlicher
848 1354 1000 1439 Zalrlung
1013 1377 1074 1420 von
1088 1358 1173 1420 zwei
1187 1354 1295 1419 Solidi
1309 1355 1517 1419 Lucchesisclr
1537 1358 1569 1437 ¹).

736 1490 822 1552 1143
839 1488 1021 1553 November
1035 1492 1091 1554 23.
1122 1492 1274 1554 Lateran.

326 1612 509 1679 Celestinus
524 1619 709 1704 episcopus,
733 1643 844 1687 servus
859 1644 1027 1688 servorum
1044 1626 1107 1702 dei,
1130 1626 1253 1689 dilecto
1269 1624 1334 1689 tilio
1349 1623 1501 1700 Alberto,
1523 1622 1634 1686 abbati
1651 1624 1840 1686 monasterii

162 1704 267 1764 sancti
288 1702 454 1768 laurentii
478 1709 568 1772 iuxta
591 1707 734 1786 fluvium,
758 1714 848 1793 quod
864 1712 961 1778 Anso
985 1715 1112 1791 dicitur,
1135 1718 1197 1791 siti,
1221 1716 1355 1798 eiusque
1377 1713 1628 1787 successoribus,
1652 1712 1841 1795 regulariter

162 1791 400 1856 substituendis
423 1808 461 1857 ΙΝ
484 1810 561 1860 ΡΡΜ.
584 1835 629 1845 -
648 1798 653 1883 Ι
674 1801 730 1888 Pie
753 1802 932 1884 postulatio
954 1804 1130 1868 voluntatis
1153 1805 1270 1869 effectu
1294 1806 1397 1868 debet
1426 1810 1648 1887 prosequente
1672 1801 1840 1884 compleri,

162 1889 198 1942 ut
221 1889 255 1945 et
280 1883 467 1947 devotionis
490 1887 656 1952 sinceritas
679 1889 887 1955 laudabiliter
919 1896 1077 1956 enitescat
1108 1904 1142 1958 et
1172 1894 1292 1958 utilitas
1321 1893 1487 1978 postulata
1510 1894 1594 1955 vires
1618 1891 1841 1955 indubitanter

160 1980 316 2034 assumat
338 1969 343 2058 Ι
364 1973 560 2058 Eapropter,
590 1979 710 2043 dilecte
740 1982 771 2043 in
805 1981 939 2046 domino
977 1983 1031 2059 fili,
1062 1983 1201 2048 Alberte
1224 1983 1336 2061 abbas,
1367 1983 1429 2047 tuis
1459 1980 1704 2045 rationabilibus
1728 1990 1840 2065 postu·

161 2058 341 2125 lationibus
364 2062 542 2130 clementer
563 2069 741 2144 annuimus,
766 2079 797 2133 et
820 2072 980 2154 prefatum
998 2073 1085 2136 beati
1100 2073 1263 2137 Laurentii
1287 2074 1532 2147 monasterium,
1554 2073 1606 2134 cui
1623 2071 1687 2134 deo
1705 2079 1839 2134 auctore

161 2150 322 2231 presides,
344 2150 407 2215 sub
431 2153 518 2217 beati
534 2156 618 2220 Petri
642 2167 676 2221 et
699 2168 809 2223 nostra
825 2163 1029 2244 protectione
1045 2166 1238 2246 suscipimus
1259 2164 1295 2244 a),
1319 2173 1352 2226 et
1368 2162 1525 2246 presentis
1542 2163 1655 2243 scripti
1671 2160 1838 2243 privilegio

161 2242 412 2304 communimus.
458 2241 655 2324 Statuentes,
686 2256 730 2325 ut,
755 2269 978 2331 quascumque
1001 2254 1233 2334 possessiones,
1267 2272 1473 2340 quecumque
1496 2251 1584 2315 bona
1615 2250 1702 2312 idem
1727 2269 1840 2312 mona·

161 2330 298 2393 sterium
322 2331 353 2393 in
377 2335 614 2414 presentiarum
637 2340 722 2401 iuste
745 2346 778 2402 et
801 2343 957 2404 canonice
980 2342 1138 2423 possidet,
1171 2351 1227 2406 aut
1257 2345 1289 2405 in
1320 2342 1464 2406 futurum
1496 2340 1708 2404 concessione
1731 2339 1839 2421 ponti·

163 2416 271 2494 licum,
301 2419 474 2504 largitione
496 2444 610 2506 regum
633 2427 685 2490 vel
716 2430 910 2511 principum,
942 2430 1112 2494 oblatione
1144 2431 1288 2495 fidelium
1317 2452 1375 2496 seu
1405 2430 1476 2495 aliis
1505 2431 1597 2492 iustis
1630 2429 1738 2492 modis
1773 2428 1837 2493 deo

162 2510 312 2591 propitio
345 2513 469 2592 poterit
500 2514 647 2597 adipisci,
680 2517 772 2581 firma
802 2518 862 2581 tibi
893 2519 1021 2602 tuisque
1047 2522 1291 2585 successoribus
1323 2531 1357 2585 et
1379 2521 1504 2585 illibata
1534 2524 1755 2602 permaneant.
1800 2519 1837 2580 ln

162 2597 284 2679 quibus
314 2597 376 2686 hec
406 2604 546 2684 propriis
576 2605 728 2670 duximus
759 2609 975 2690 exprimenda
1006 2611 1190 2674 vocabulis:
1230 2610 1400 2674 ecclesiam
1443 2617 1557 2674 sancte
1586 2608 1757 2671 Trinitatis
1794 2608 1837 2670 de

162 2685 275 2769 Orgia,
300 2697 334 2752 et
356 2687 553 2774 hospitalem
576 2695 712 2758 domum
736 2698 883 2761 eiusdem
907 2698 971 2763 loci
996 2721 1070 2763 cum
1094 2701 1243 2764 omnibus
1266 2702 1332 2764 suis
1356 2699 1568 2783 pertinentiis,
1600 2697 1770 2761 ecclesiam
1794 2697 1838 2760 de

160 2786 277 2841 monte
293 2775 367 2855 Sizi,
391 2782 562 2845 ecclesiam
579 2784 623 2847 de
639 2783 774 2849 Modani
798 2808 872 2850 curn
896 2789 1048 2852 omnibus
1071 2810 1182 2853 earum
1207 2791 1419 2873 pertinentiis,
1444 2797 1477 2853 et
1500 2786 1589 2868 quod
1612 2787 1695 2850 iuste
1718 2788 1836 2850 tenetis

160 2866 195 2928 in
218 2865 357 2931 ecclesia
387 2869 430 2932 de
453 2868 600 2948 Stiliano,
624 2882 765 2939 castrum
789 2877 832 2940 de
857 2875 1004 2942 Civitella
1027 2900 1102 2943 curn
1129 2880 1256 2943 duabus
1287 2879 1432 2944 ecclesiis
1466 2880 1497 2941 in
1529 2879 1602 2959 ipso
1633 2877 1836 2950 constructis,

160 2956 335 3020 ecclesiam
356 2959 510 3023 videlicet
531 2965 635 3026 sancti
659 2961 842 3028 Sebastiani
871 2966 952 3030 infra
982 2969 1150 3032 castellum
1184 2971 1335 3052 positam,
1366 2968 1536 3033 ecclesiam
1553 2965 1663 3028 'sancti
1695 2965 1834 3028 Materni

160 3053 255 3109 extra
287 3047 456 3112 castellum
486 3050 591 3127 sitam,
622 3052 703 3117 duas
734 3055 901 3137 portiones
931 3058 974 3121 de
1005 3059 1139 3122 castello
1171 3068 1204 3123 et
1238 3067 1328 3145 curte
1352 3059 1473 3121 montis
1495 3055 1630 3129 Viridis,
1662 3053 1834 3118 ecclesiam

116 3173 123 3183 ·
160 3135 203 3197 de
233 3133 397 3219 Signano,
436 3147 469 3202 et
506 3148 572 3205 tres
603 3143 771 3224 portiones
802 3146 903 3227 ipsius
933 3146 1025 3233 ville,
1064 3149 1232 3211 ecclesiam
1264 3150 1366 3211 sancti
1398 3148 1521 3210 Donati
1554 3165 1627 3208 cum
1659 3143 1757 3206 rebus
1792 3145 1834 3206 ad

158 3224 264 3306 ipsam
282 3228 527 3308 pertinentibus,
547 3229 718 3296 ecclesiam
734 3235 836 3298 sancti
858 3235 1083 3301 Bartholomei
1107 3239 1150 3301 de
1172 3238 1412 3321 Lampognano
1437 3257 1511 3299 cum
1536 3237 1607 3317 ipsa
1622 3232 1708 3308 villa,
1732 3233 1835 3321 eccle·

159 3316 241 3377 siam
264 3316 367 3378 sancti
383 3314 548 3382 Anastasii
571 3328 604 3383 et
627 3321 728 3404 ipsius
744 3325 839 3386 castri
862 3325 944 3388 duas
967 3335 1086 3408 partes,
1111 3327 1279 3391 ecclesiam
1304 3329 1407 3389 sancti
1430 3324 1567 3410 Andree
1591 3324 1634 3386 de
1657 3321 1835 3398 Suverella,

160 3403 332 3468 ecclesiam
369 3410 472 3470 sancti
501 3407 666 3473 Laurentii
705 3422 738 3475 et
778 3414 924 3477 eiusdem
961 3416 1085 3479 castelli
1123 3417 1204 3480 duas
1245 3425 1364 3500 partes
1418 3414 1683 3479 Decimationem
1724 3412 1834 3475 allodii

159 3493 309 3557 eiusdem
337 3500 525 3561 monasterii
562 3501 653 3581 quod
685 3502 717 3563 in
749 3501 885 3567 Senensi
909 3506 1103 3587 episcopatu
1133 3507 1232 3569 situm
1263 3515 1321 3581 est,
1352 3503 1633 3586 quemadmodum
1664 3522 1684 3565 a
1714 3498 1836 3565 Senen-

158 3582 247 3645 sibus
286 3584 466 3668 episcopis,
503 3587 590 3652 bone
629 3593 787 3655 memorie
824 3591 969 3657 Iohanne
989 3594 1015 3674 ²)
1045 3595 1195 3658 videlicet
1231 3605 1264 3658 et
1302 3590 1505 3676 Radu1f0³),
1542 3591 1638 3655 vobis
1680 3593 1836 3654 canonice

158 3691 318 3735 concessa
348 3685 416 3751 est,
453 3677 603 3741 similiter
635 3679 872 3744 confirmamus.
928 3683 1148 3747 Concedimus
1178 3687 1276 3748 etiam
1307 3685 1418 3759 vobis,
1449 3691 1499 3758 ut,
1536 3683 1563 3744 si
1595 3679 1704 3760 aliqua
1733 3678 1835 3743 libera

159 3781 309 3842 persona,
337 3766 407 3827 sive
431 3767 463 3828 in
486 3769 560 3842 vita,
583 3770 652 3832 sive
681 3771 713 3831 in
737 3781 852 3847 morte,
884 3781 992 3836 vestro
1017 3777 1213 3839 monasterio
1242 3794 1277 3836 se
1306 3774 1456 3836 conferre
1480 3770 1625 3841 voluerit,
1656 3770 1835 3852 recipiendi

158 3870 230 3914 eam
262 3851 391 3932 absque
422 3854 556 3919 alicuius
587 3860 848 3924 contradictione
887 3860 1022 3926 liberam
1060 3862 1207 3926 habeatis
1241 3861 1442 3938 facultatem,
1485 3861 1576 3924 salvo
1615 3868 1727 3922 tamen
1766 3860 1834 3922 iure

158 3941 301 4004 matricis
333 3944 477 4008 ecclesie.
524 3946 580 4008 Ad
612 3948 767 4012 indicium
797 3961 907 4015 autem
938 3952 1031 4015 huius
1059 3974 1079 4015 a
1110 3953 1188 4016 sede
1219 3953 1403 4034 apostolica
1433 3961 1588 4037 percepte
1620 3949 1835 4032 protectionis

157 4029 315 4093 Lucensis
354 4044 487 4121 monete
524 4035 648 4099 solidos
688 4038 771 4101 duos
804 4041 899 4104 nobis
930 4043 1113 4123 nostrisque
1147 4043 1389 4105 successoribus
1419 4041 1600 4105 annualiter
1630 4038 1833 4121 persolvetis.

157 4119 374 4184 Decemimus
396 4143 485 4205 ergo
509 4135 544 4187 ut
568 4126 645 4189 nulli
667 4130 803 4191 omnino
827 4129 997 4193 hominum
1020 4130 1124 4207 liceat,
1149 4132 1237 4194 idem
1254 4133 1488 4194 monasterium
1504 4141 1626 4194 temere
1642 4128 1834 4210 perturbare

157 4219 211 4272 aut
234 4211 306 4272 eius
328 4213 554 4293 possessiones
577 4215 713 4279 aufferre
736 4218 788 4280 vel
811 4218 938 4282 ablatas
962 4221 1107 4296 retinere,
1132 4222 1276 4284 minuere
1299 4241 1356 4283 seu
1378 4221 1579 4302 quibuslibet
1602 4217 1834 4281 vexationibus

157 4296 304 4380 fatigare,
320 4300 379 4362 sed
395 4302 507 4365 omnia
523 4304 649 4386 integra
665 4319 897 4371 conserventur
912 4329 1034 4384 eorum,
1058 4331 1119 4391 pro
1137 4331 1276 4391 quorum
1291 4309 1530 4391 gubernatione
1546 4319 1580 4371 et
1595 4308 1834 4370 sustentatione

157 4407 314 4450 concessa
343 4402 427 4467 sunt,
460 4392 571 4455 usibus
603 4397 802 4459 omnimodis
833 4398 1011 4480 profutura.
1066 4399 1101 4462 Si
1134 4421 1198 4480 qua
1240 4401 1336 4482 igitur
1367 4400 1400 4461 in
1433 4400 1575 4462 futurum
1612 4397 1833 4460 ecclesiastica

155 4477 351 4541 secularisve
374 4501 523 4562 persona,
547 4481 632 4546 hanc
655 4496 765 4549 nostre
789 4489 1030 4551 constitutionis
1046 4489 1202 4570 paginam
1225 4492 1339 4566 sciens,
1364 4500 1480 4553 contra
1495 4508 1568 4552 eam
1584 4496 1707 4549 temere
1721 4486 1832 4549 venire

156 4569 382 4649 temptaverit,
423 4571 568 4634 secundo
599 4575 737 4638 tertiove
768 4578 978 4653 commonita,
1009 4578 1035 4640 si
1069 4599 1135 4641 non
1166 4578 1389 4643 satisfactione
1420 4598 1565 4661 congrua
1599 4576 1831 4650 emendaverit,

155 4657 332 4736 potestatis
354 4657 553 4742 honorisque
569 4665 616 4725 sui
641 4663 802 4745 dignitate
817 4677 927 4729 careat
942 4687 1097 4749 reamque
1113 4689 1147 4730 se
1164 4669 1275 4732 divino
1293 4670 1412 4732 iudicio
1429 4669 1568 4731 existere
1585 4666 1626 4728 de
1643 4675 1832 4747 perpetrata

155 4745 330 4826 iniquitate
353 4759 542 4829 cognoscat,
566 4761 600 4813 et
622 4773 642 4814 a
664 4755 883 4818 sacratissimo
908 4777 1048 4838 corpore
1072 4778 1110 4819 ac
1131 4759 1288 4838 sanguine
1313 4759 1364 4820 dei
1389 4768 1422 4820 et
1446 4758 1580 4830 domini,
1613 4755 1831 4836 redemptoris

154 4836 257 4897 nostri
288 4835 360 4898 lesu
392 4836 519 4915 Christi,
550 4840 656 4904 aliena
685 4841 750 4919 fiat,
782 4854 880 4926 atque
911 4847 943 4908 in
975 4857 1123 4909 extremo
1156 4848 1307 4910 examine
1340 4847 1484 4909 districte
1515 4845 1628 4909 ultioni
1652 4844 1829 4906 subiaceat.

154 4922 289 4988 Cunctis
313 4937 432 5001 autem,
456 4929 563 4991 eidem
587 4930 660 4993 loco
681 4932 765 4996 iusta
780 4935 992 5011 servantibus,
1016 4937 1059 4998 sit
1082 4957 1149 5017 pax
1165 4937 1289 4999 domini
1314 4937 1414 4998 nostri
1438 4935 1509 4998 Iesu
1526 4933 1653 5008 Christi,
1678 4933 1830 5014 quatinus

153 5025 186 5076 et
216 5011 272 5077 hic
306 5014 445 5078 fructum
476 5017 564 5106 bone
595 5021 733 5084 actionis
763 5024 955 5105 percipiant,
987 5035 1021 5087 et
1050 5025 1139 5107 apud
1173 5027 1354 5088 districtum
1384 5025 1525 5087 iudicem
1563 5023 1689 5105 premia
1719 5033 1830 5110 qteme

152 5105 245 5184 pacis
265 5101 272 5189 Ι
293 5105 472 5169 inveniant.
518 5107 637 5172 Arnen.
662 5109 782 5173 Amen.
806 5112 925 5176 Amen.
949 5146 992 5158 —-

369 5195 425 5274 (R)
449 5196 522 5278 Ego
547 5197 729 5262 Celestinus
753 5198 913 5290 catholice
937 5201 1074 5290 ecclesie
1098 5202 1273 5285 episcopus
1297 5223 1338 5264 ss.
1364 5200 1437 5287 (M).

369 5280 389 5364 †
413 5285 486 5366 Ego
510 5286 680 5351 Conradus
703 5290 894 5354 Sabinensis
918 5294 1094 5375 episcopus
1117 5314 1158 5355 ss,
1182 5295 1229 5372 (1)

369 5368 389 5454 i
413 5374 487 5456 Ego
510 5374 698 5459 Stephanus
717 5377 746 5463 b)
769 5380 976 5445 Penestrinus
1000 5382 1176 5464 episcopus
1199 5404 1239 5444 ss.

153 5514 184 5521 ..-
194 5515 580 5528 -—---.-.-—--·-—-.-—-

312 5586 339 5650 a)
359 5583 415 5633 Das
432 5593 491 5635 erstc
509 5587 517 5636 i
534 5604 581 5637 orer
597 5604 612 5638 e
630 5585 743 5656 corngirt
812 5593 840 5656 b)
858 5592 902 5644 das
920 5602 929 5645 t
948 5608 994 5645 aus
1010 5612 1028 5661 p
1046 5591 1164 5660 comgirt.
1183 5634 1236 5640 -
1256 5597 1291 5659 ,1)
1317 5590 1394 5660 Vergl.
1413 5592 1451 5643 die
1471 5591 1530 5643 Urk.
1550 5610 1604 5643 vom
1622 5597 1658 5644 26
1676 5589 1732 5643 Mai
1749 5595 1826 5644 1144.

150 5657 176 5719 2)
200 5653 312 5721 Jotann,
332 5655 439 5721 Birthas
451 5673 499 5708 von
518 5659 598 5722 Simo,
617 5678 637 5711 c.
658 5663 726 5712 1037
741 5693 772 5700 -
786 5680 807 5718 c.
822 5667 897 5716 1003.
971 5670 998 5734 3)
1018 5668 1119 5731 Rudols,
1139 5665 1243 5733 Birthas
1255 5683 1302 5716 von
1320 5668 1401 5727 Simo,
1420 5682 1441 5720 c.
1461 5666 1528 5715 1073
1542 5693 1571 5704 -
1586 5681 1606 5714 c.
1628 5666 1703 5716 1083.
