3974 6188
232 240 272 330 56

229 438 357 519 absque
380 444 490 499 vestro
514 456 647 498 assensu
679 437 881 518 presbiteros
906 432 1089 510 collocent,
1119 434 1245 514 quibus,
1277 437 1304 497 si
1336 434 1445 499 idonei
1477 435 1606 514 fuerint,
1639 458 1713 499 cum
1739 439 1922 502 eorundem

230 526 466 591 monachorum
497 546 658 588 consensu
694 525 851 612 parochie
882 546 993 588 curam
1027 525 1218 600 comittatis‚
1250 533 1286 586 ut
1316 525 1478 588 eiusmodi
1510 528 1700 588 sacerdotes
1733 528 1776 589 de
1812 528 1923 610 plebis

230 619 363 699 quidem
389 636 467 678 cura
490 614 587 677 vobis
611 616 842 695 respondeant,
877 614 1048 678 monachis
1079 634 1158 676 vero
1191 635 1252 695 pro
1286 613 1383 676 rebus
1407 615 1646 696 temporalibus
1671 617 1819 680 debitam
1843 617 1923 680 sub·

230 707 402 769 iectionem
427 702 613 767 exhibeant.
659 704 746 767 Nulli
770 725 850 785 ergo
881 704 1053 767 hominurn
1086 704 1192 769 liceat.
1223 705 1313 781 quod
1338 725 1357 766 a
1380 711 1413 766 te
1438 724 1537 786 super
1557 706 1768 769 institucione
1791 707 1922 788 prefate

231 795 368 858 ecclesie
392 793 514 855 factum
545 802 595 857 est
628 804 661 856 et
685 815 704 855 a
728 794 823 856 nobis
853 793 1033 868 firmatum,
1060 793 1232 873 infringere
1256 792 1307 854 vel
1340 802 1465 856 mutare
1489 813 1545 856 seu
1571 794 1719 873 qualibet
1743 798 1922 858 occasione

231 884 415 949 convellere
439 903 500 944 nec
525 884 591 945 eius
621 884 846 966 possessiones
881 884 1010 945 auferre
1033 881 1085 944 vel
1117 881 1243 944 ablatas
1274 883 1420 956 retinere,
1453 885 1598 946 minuere
1628 904 1685 945 seu
1718 884 1922 965 quibuslibet

232 973 515 1037 molestationibus
531 972 676 1054 fatigare,
700 974 758 1035 sed
777 974 886 1034 omnia
902 974 1027 1053 integra
1044 980 1276 1034 conserventur
1293 992 1416 1046 eorum,
1441 993 1500 1054 pro
1523 992 1661 1052 quorum
1680 973 1920 1053 gubernatione

232 1074 265 1126 et
288 1064 524 1125 sustentatione
548 1082 705 1125 concessa
729 1071 813 1136 sunt,
838 1062 951 1124 usibus
976 1061 1176 1124 omnimodis
1201 1060 1378 1142 profutura,
1403 1063 1492 1124 salva
1516 1064 1547 1123 in
1565 1063 1716 1125 omnibus
1732 1064 1921 1145 apostolice

232 1155 320 1216 sedis
351 1153 552 1214 auctoritate.
603 1149 637 1213 Si
670 1171 734 1231 qua
762 1152 858 1233 igitur
889 1152 920 1213 in
952 1161 1121 1232 posterum
1153 1149 1376 1212 ecclesiastica
1406 1150 1602 1214 secularisve
1636 1172 1794 1233 persona,
1833 1152 1920 1216 hanc

233 1251 343 1305 nostre
376 1241 619 1302 constitutionis
644 1244 797 1322 paginam
827 1242 945 1315 sciens,
979 1248 1093 1302 contra
1122 1259 1195 1301 eam
1229 1248 1354 1301 temere
1377 1243 1487 1302 venire
1517 1245 1737 1323 temptaverit,
1770 1243 1919 1305 secundo

232 1336 371 1394 tertiove
403 1333 613 1405 commonita,
645 1333 672 1392 si
705 1351 770 1392 non
802 1339 928 1392 reatum
961 1350 1055 1391 suurn
1085 1349 1229 1409 congrua
1260 1330 1480 1392 satisfactione
1512 1333 1708 1405 correxerit,
1741 1334 1920 1413 potestatis

233 1420 434 1498 honorisque
457 1421 507 1480 sui
535 1420 694 1500 dignitate
726 1429 842 1493 careat,
877 1430 909 1482 et
932 1441 951 1481 a
975 1420 1194 1482 sacratissimo
1226 1438 1365 1500 corpore
1397 1428 1430 1481 et
1452 1421 1608 1500 sanguine
1641 1422 1694 1483 dei
1730 1428 1764 1482 et
1794 1422 1920 1484 domini

233 1512 335 1573 nostri
359 1510 431 1572 lesu
456 1506 572 1571 Christi
605 1510 708 1571 aliena
741 1508 816 1583 fiat,
849 1518 948 1589 atque
980 1510 1011 1570 in
1038 1516 1195 1586 ,extremo
1229 1511 1381 1570 examine
1413 1509 1558 1571 districte
1590 1509 1705 1571 ultioni
1739 1509 1919 1573 subiaceat

235 1599 367 1664 Cunctis
391 1616 478 1670 vero,
510 1599 618 1659 eidem
643 1598 780 1660 ecclesie
804 1618 862 1660 sua
891 1602 959 1661 iura
990 1598 1204 1672 servantibus,
1237 1598 1278 1658 sit
1308 1619 1375 1679 pax
1406 1599 1530 1660 domini
1563 1601 1664 1661 nostri
1689 1597 1760 1661 Iesu
1786 1598 1919 1675 Christi,

235 1698 394 1769 quatenus
419 1695 452 1747 et
474 1685 526 1748 hic
549 1687 689 1750 fructum
720 1688 809 1750 bone
842 1690 979 1751 actionis
1011 1689 1196 1768 percipiant
1228 1695 1261 1749 et
1293 1689 1381 1769 apud
1414 1688 1598 1750 districtum
1625 1689 1766 1751 iudicem
1791 1690 1920 1771 premia

235 1788 348 1841 eterne
372 1776 461 1859 pacis
485 1776 654 1839 inveniant.
700 1775 821 1839 Arnen.
846 1778 963 1840 Amen.
988 1777 1107 1839 Arnen.

448 1862 503 1948 (R)
527 1865 599 1947 Ego
623 1866 744 1929 Lucius
768 1864 928 1929 catholice
952 1865 1091 1928 ecclesie
1115 1867 1292 1946 episcopus
1315 1885 1357 1926 ss.
1382 1865 1444 1944 (M)

448 1953 468 2033 †
492 1953 564 2036 Ego
590 1954 759 2018 Conradus
784 1953 973 2019 Sabinensis
997 1957 1174 2036 episcopus
1198 1974 1239 2015 ss.

448 2043 468 2123 †
491 2045 564 2125 Ego
588 2043 822 2107 Theodevinus
847 2055 959 2108 sancte
983 2043 1114 2128 Ruffine
1139 2045 1316 2124 episcopus
1340 2062 1381 2105 ss.

448 2130 469 2213 †
493 2133 565 2213 Ego
590 2133 762 2197 Albericus
787 2133 969 2197 Hostiensis
994 2135 1172 2215 episcopus
1195 2152 1237 2198 ss.

449 2223 470 2301 †
494 2221 566 2304 Ego
589 2224 713 2286 imarus
737 2224 941 2287 Tusculanus
966 2224 1142 2304 episcopus
1165 2243 1205 2284 ss.

448 2309 469 2390 †
493 2310 565 2393 Ego
591 2311 704 2374 Petrus
728 2312 926 2376 Albanensis
950 2314 1127 2394 episcopus
1150 2331 1192 2373 ss.

450 2399 470 2480 †
494 2400 567 2481 Ego
592 2399 769 2484 Gregorius
793 2404 956 2485 presbiter
978 2400 1152 2463 cardinalis
1177 2397 1253 2480 (tit.)
1277 2400 1382 2461 sancti
1407 2397 1526 2461 Calixti
1550 2419 1592 2461 ss.

450 2489 470 2569 †
494 2490 566 2572 Ego
591 2490 771 2572 Raynerius
796 2494 957 2574 presbiter
981 2489 1149 2554 cardinalis
1172 2491 1219 2552 tit.
1242 2498 1354 2551 sancte
1378 2489 1486 2551 Prisce
1509 2509 1549 2550 ss.

450 2577 470 2658 †
494 2577 566 2660 Ego
591 2580 705 2643 Petrus
730 2583 891 2663 presbiter
914 2580 1084 2644 cardinalis
1107 2581 1153 2641 tit
1177 2579 1279 2641 sancti
1302 2577 1393 2642 Pauli
1417 2599 1458 2640 ss.

451 2667 471 2746 †
495 2667 568 2750 Ego
591 2669 738 2732 Thomas
763 2672 924 2753 presbiter
948 2669 1120 2733 cardinalis
1144 2669 1189 2734 tit.
1214 2677 1325 2731 sancte
1348 2666 1485 2730 Vestine
1508 2688 1549 2729 ss.

451 2757 471 2837 †
495 2757 567 2838 Ego
591 2759 741 2823 Ubaldus
766 2760 926 2842 presbiter
950 2758 1121 2823 cardinalis
1145 2758 1192 2819 tit.
1215 2766 1329 2820 sancte
1352 2758 1510 2820 Praxedis
1532 2776 1573 2818 ss.

452 2845 472 2925 †
495 2845 568 2928 Ego
593 2848 762 2912 Rainerius
787 2851 947 2932 presbiter
969 2847 1137 2910 cardinalis
1161 2849 1209 2910 tit.
1234 2849 1337 2909 sancti
1362 2846 1522 2930 Stephani
1553 2848 1585 2907 in
1610 2845 1701 2910 Celio
1733 2857 1846 2912 monte
1875 2869 1918 2913 ss.

452 2935 472 3014 †
496 2936 569 3018 Ego
594 2935 771 3019 Gregorius
795 2940 950 3001 diaconus
974 2937 1142 3000 cardinalis
1166 2947 1352 2999 sanctorum
1377 2934 1482 3018 Sergii
1507 2945 1541 2998 et
1563 2934 1664 2998 Bachi
1686 2955 1729 2998 ss.

453 3026 474 3103 †
497 3026 569 3106 Ego
594 3025 677 3089 Otto
702 3029 873 3091 cardinalis
897 3029 1053 3090 diaconus
1076 3028 1180 3088 sancti
1205 3024 1339 3106 Georgii
1363 3027 1405 3088 ad
1429 3024 1548 3087 Velum
1573 3045 1706 3087 aureum
1731 3047 1772 3088 ss.

453 3112 473 3192 †
497 3113 569 3195 Ego
594 3113 701 3178 Guido
727 3119 883 3180 diaconus
908 3115 1079 3179 cardinalis
1103 3124 1287 3177 sanctorum
1313 3114 1434 3177 Cosme
1458 3123 1490 3176 et
1513 3113 1663 3176 Damiani
1689 3135 1730 3178 ss.

454 3201 474 3281 †
498 3203 571 3286 Ego
596 3202 705 3268 Guido
730 3209 760 3268 in
784 3208 932 3269 Romana
958 3205 1096 3267 ecclesia
1120 3205 1229 3267 altaris
1255 3205 1397 3266 minister
1420 3204 1569 3284 indignus
1593 3223 1634 3265 ss.

454 3291 474 3371 †
497 3293 569 3374 Ego
593 3294 754 3357 Iohannes
778 3298 934 3358 diaconus
958 3295 1130 3357 cardinalis
1153 3303 1267 3356 sancte
1292 3295 1395 3356 Marie
1418 3292 1513 3356 Nove
1536 3312 1578 3354 ss.

403 3380 478 3442 Dat.
502 3382 669 3458 Laterani,
701 3406 760 3466 per
784 3376 919 3448 manum
938 3384 1089 3458 Baronis,
1120 3383 1278 3464 capellani
1304 3391 1336 3444 et
1359 3382 1535 3463 scriptoris.
1581 3381 1667 3444 Non.
1691 3380 1825 3464 Aprilis.
1871 3385 1921 3447 ln·

243 3469 387 3530 dictione
417 3483 473 3533 Vll.
536 3474 769 3537 incarnationis
802 3476 966 3559 dominice
997 3493 1083 3535 anno
1114 3484 1273 3535 Mcxbnn.
1330 3470 1539 3535 Pontificatus
1571 3491 1649 3533 vero
1686 3473 1800 3535 domni
1829 3473 1924 3537 Lucii

244 3559 378 3620 secundi
403 3558 461 3622 ΡΡ.
486 3582 570 3624 anno
595 3565 711 3644 primo.

404 3674 529 3741 Alsa-krist
553 3693 607 3725 vom
638 3681 669 3725 17
697 3677 789 3742 Jahrb.
816 3678 856 3727 des
882 3679 955 3727 Liber
979 3677 1060 3742 Niger
1085 3684 1110 3740 p.
1131 3680 1147 3727 2
1175 3676 1226 3735 (Α),
1255 3679 1280 3724 rie
1309 3676 1462 3726 Privatbesin
1485 3692 1514 3723 eu
1541 3676 1636 3734 Nisam
1672 3675 1859 3740 Theilabsclenfl
1884 3677 1925 3725 des

248 3746 280 3792 18
303 3744 394 3809 Jahrb.
416 3745 461 3810 (B)
485 3749 599 3809 (Abbazia
617 3750 644 3797 di
661 3750 685 3796 S.
708 3749 811 3807 Pensr'ot,
830 3751 863 3798 im
881 3749 994 3799 Archivr'o
1013 3749 1039 3796 di
1055 3748 1123 3796 Stolo
1140 3765 1169 3796 see
1193 3749 1278 3796 Turin.

406 3818 477 3867 lnA
504 3821 535 3868 ist
559 3823 609 3869 eine
631 3822 692 3869 Rota
710 3821 756 3869 Nr.
778 3826 791 3869 1
810 3821 972 3886 bergereichnet
997 3821 1053 3868 und
1072 3821 1109 3868 ein
1129 3819 1298 3884 Morwgramm
1322 3820 1365 3867 der
1386 3818 1483 3883 Gruppe
1506 3818 1553 3867 Nr.
1579 3823 1604 3870 4.
1632 3845 1664 3853 -
1694 3817 1880 3882 Theilahschnst
1901 3819 1927 3867 B

245 3887 348 3935 sehlr'esst
364 3890 389 3936 in
406 3890 449 3937 der
465 3892 565 3941 Adresse
582 3894 627 3940 mil
644 3893 766 3956 episcopo
784 3894 839 3941 und
853 3894 948 3958 deginae
966 3892 1033 3940 darm
1050 3899 1099 3940 erst
1115 3892 1204 3940 wieder
1221 3893 1265 3939 mie
1276 3892 1427 3955 Eapropter.
1463 3890 1666 3955 Schlusrformeln
1684 3906 1731 3938 von
1749 3891 1825 3939 liceat
1836 3889 1924 3954 selden

246 3959 301 4006 und
316 3977 366 4008 mer
375 3962 449 4026 fimf
464 3964 643 4030 Zeugrnfirrreen
662 3964 717 4012 und
732 3966 768 4013 die
786 3965 971 4030 Doturnformel
984 3964 1043 4011 sind
1053 3971 1145 4029 gestent.

1001 4249 1067 4324 Nr.
1100 4255 1160 4326 57.

251 4395 369 4462 Lucius
386 4397 429 4463 Il
451 4397 568 4465 neinmt
592 4402 646 4466 elie
673 4398 945 4484 Kollegiatkirclee
968 4400 1036 4464 San
1061 4402 1206 4465 lifartino
1228 4399 1267 4462 di
1293 4399 1372 4462 Pe'sa
1398 4399 1431 4461 in
1456 4398 1688 4481 apostoliscleen
1715 4397 1835 4463 Seleutz
1861 4396 1927 4462 und

703 4491 852 4573 beste'ite'gt
866 4490 937 4554 ilere
953 4491 1191 4554 Besitetleeimer
1206 4489 1274 4552 und
1287 4488 1406 4550 Rechte
1424 4490 1460 4565 ¹).

872 4609 956 4669 1144
972 4607 1048 4670 Mae
1062 4611 1111 4671 10.
1144 4608 1298 4670 Lateran.

411 4737 534 4799 Lucius
558 4739 743 4822 episcopus,
767 4761 878 4804 servus
902 4762 1068 4804 servorum
1093 4743 1156 4816 dei,
1181 4740 1309 4803 dilectis
1325 4737 1396 4801 filiis
1411 4739 1523 4812 Leoni,
1548 4740 1647 4819 priori
1668 4737 1805 4821 ecclesie
1822 4738 1934 4811 sancti,

253 4824 381 4887 Martini
405 4828 446 4888 de
472 4825 624 4890 Guinzica
644 4831 681 4908 a),
707 4832 841 4910 eiusque
865 4831 1017 4894 fratribus
1040 4840 1106 4893 tam
1132 4830 1338 4912 presentibus
1358 4849 1457 4909 quarn
1482 4828 1604 4899 futuris,
1629 4826 1810 4906 regularem
1827 4829 1923 4889 vitam

252 4915 408 4996 professis
440 4928 477 4978 ΙΝ
510 4928 586 4978 PPM.
610 4956 653 4964 -
680 4919 684 4994 Ι
716 4918 771 4980 Ad
805 4920 869 4983 hoc
900 4919 1087 4983 universalis
1119 4921 1256 5004 ecclesie
1289 4938 1365 4980 cura
1395 4918 1490 4979 nobis
1525 4939 1544 4978 a
1574 4919 1745 4997 provisore
1781 4918 1923 4978 omniurn

253 5004 413 5066 bonorum
439 5006 503 5067 deo
527 5009 703 5070 commissa
727 5017 784 5082 est,
818 5019 852 5071 ut
883 5010 1053 5091 religiosas
1082 5010 1254 5091 diligamus
1279 5027 1436 5088 personas
1469 5015 1502 5067 et
1532 5006 1618 5067 bene
1647 5005 1833 5086 placentem
1863 5006 1924 5066 deo

253 5093 444 5174 religionem
474 5097 664 5158 studeamus
698 5099 803 5160 modis
837 5100 989 5161 omnibus
1021 5118 1213 5180 propagare.
1242 5098 1246 5177 Ι
1274 5095 1346 5159 Nec
1379 5096 1463 5158 enim
1504 5096 1569 5157 deo
1606 5103 1717 5175 gratus
1750 5092 1925 5174 aliquando

254 5182 425 5245 famulatus
457 5186 671 5266 impenditur,
704 5187 772 5260 nisi,
804 5208 847 5250 ex
877 5190 1018 5251 caritatis
1050 5189 1159 5249 radice
1191 5187 1389 5269 procedens,
1422 5186 1607 5267 apuritate
1637 5184 1801 5264 religionis
1833 5183 1927 5245 fuerit

254 5282 471 5335 conservatus
520 5275 567 5337 Ea
591 5285 735 5357 propter,
764 5277 872 5339 dilecti
896 5278 925 5339 in
950 5278 1084 5339 domino
1108 5276 1174 5351 filii,
1198 5278 1313 5338 vestris
1336 5277 1428 5337 iustis
1452 5272 1727 5354 postulationibus
1750 5273 1926 5334 clementer

254 5364 433 5436 annuimus,
458 5372 491 5424 et
514 5364 676 5446 prefatam
702 5366 881 5441 ecclesiam,
906 5368 937 5428 in
954 5386 1018 5445 qua
1035 5367 1144 5428 divino
1163 5367 1338 5446 mancipati
1356 5365 1433 5425 estis
1450 5362 1620 5440 obsequio,
1643 5362 1704 5424 sub
1729 5361 1818 5424 beati
1842 5362 1925 5425 Petri

255 5456 288 5512 et
312 5459 420 5515 nostra
443 5455 649 5533 protectione
670 5455 863 5536 suscipimus
888 5465 921 5519 et
941 5456 1102 5537 presentis
1125 5457 1238 5537 scripti
1262 5453 1430 5536 privilegio
1453 5452 1700 5514 communimus.
1731 5447 1927 5523 Statuentes,

414 5614 440 5678 a)
459 5612 540 5675 Kolt:
558 5574 707 5680 Kfinthi'fce.
740 5655 743 5658 ⁴
797 5616 834 5681 ,1)
859 5616 936 5680 Vergl.
956 5615 992 5663 die
1014 5615 1129 5664 Urkmrde
1146 5630 1200 5663 vom
1220 5616 1255 5664 30
1268 5614 1324 5663 Mai
1338 5613 1402 5662 1135
1422 5614 1477 5660 und
1491 5628 1545 5660 vom
1564 5614 1580 5660 2
1599 5609 1728 5661 December
1746 5613 1824 5664 1153.
