3974 6188
167 265 208 343 78

164 451 225 514 tibi
262 450 391 532 tuisque
420 450 663 515 successoribus
692 459 726 515 et
757 472 817 534 per
846 474 906 516 vos
936 453 1072 541 ecclesie
1095 454 1210 541 Pisanp
1240 454 1402 517 concessit
1431 463 1465 516 et
1495 452 1740 535 metropolitico
1770 451 1839 518 iure

163 540 310 605 subiecit.
357 541 428 606 Nos
451 541 571 624 itaque,
597 542 651 625 qui
675 541 708 603 in
731 542 818 607 sedis
841 543 1024 624 apostolice
1047 543 1348 619 amministratione,
1373 543 1449 606 licet
1471 543 1606 625 indigni,
1638 542 1838 624 disponente

164 630 308 705 domin0,
333 631 395 694 sibi
418 631 641 707 successimus,
670 632 811 696 eandem
834 635 1081 697 concessionem
1114 634 1308 697 auctoritate
1331 633 1515 714 apostolica
1545 631 1778 695 confirmamus
1806 641 1839 696 et

164 729 268 783 ratam
299 739 431 783 manere
461 740 640 784 censemus.
692 722 849 785 Eiusdem
882 742 1014 804 quoque
1048 723 1288 805 predecessoris
1329 722 1430 784 nostri
1460 721 1606 804 vestigiis
1643 720 1837 797 inherentes,

163 828 224 871 vos
253 810 411 891 primatus
441 808 567 872 honore
601 831 700 893 super
728 811 936 874 Turritanam
966 814 1170 894 provinciam
1201 813 1403 875 decoramus.
1455 812 1673 892 Legationem
1705 831 1838 892 quoque

164 897 330 986 Sardinie,
366 919 387 962 a
416 899 652 981 predecessore
679 910 792 963 nostro
822 922 911 983 papa
940 902 1093 966 URBANO
1124 901 1411 987 predecessoribus
1443 902 1506 964 tuis
1537 919 1745 976 concessam,
1777 899 1837 963 tibi

163 989 292 1069 tuisque
323 990 564 1052 successoribus
595 991 755 1071 presentis
785 992 897 1072 scripti
926 992 1048 1073 pagina
1075 990 1277 1054 roboramus.
1322 991 1476 1071 Denique
1509 990 1542 1052 in
1565 989 1682 1053 Pisana
1713 989 1837 1064 civitas,

164 1097 227 1164 que
251 1077 362 1141 lavore
386 1079 514 1142 celestis
537 1080 678 1142 numinis
701 1080 743 1143 de
766 1080 905 1143 inimicis
929 1079 1102 1144 Christiani
1127 1081 1269 1144 nominis
1287 1081 1459 1143 victoriam
1483 1079 1670 1161 frequenter
1684 1079 1837 1160 optinuit,

163 1176 197 1229 et
220 1187 333 1230 eorum
355 1168 452 1231 urbes
475 1169 632 1250 plurimas
655 1169 849 1251 subiugavit,
880 1171 1021 1252 amplius
1044 1170 1231 1246 honoretur,
1263 1189 1349 1250 equo
1373 1169 1451 1231 albo
1475 1189 1550 1232 cum
1573 1188 1676 1232 nacco
1701 1168 1780 1231 albo
1804 1168 1837 1231 in

162 1257 428 1337 processionibus
451 1258 563 1321 utendi
588 1267 621 1321 et
643 1279 781 1334 crucem,
805 1258 962 1322 vexillum
984 1259 1108 1323 scilicet
1131 1260 1342 1335 dominicum,
1373 1279 1434 1341 per
1455 1258 1619 1322 subiectas
1641 1258 1739 1321 vobis
1762 1277 1837 1340 pro·

162 1345 285 1409 vincias
309 1348 472 1428 portandi,
497 1347 556 1410 tibi
580 1348 709 1429 tuisque
732 1349 974 1412 successoribus
998 1348 1163 1412 licentiam
1179 1349 1304 1412 damus.
1342 1347 1442 1411 Pallei
1459 1368 1592 1431 quoque
1607 1367 1701 1411 usum
1725 1347 1836 1410 frater·

164 1435 256 1497 nitati
280 1446 335 1522 tue
358 1437 578 1513 concedimus,
603 1448 637 1500 ut
659 1437 813 1501 videlicet
836 1458 876 1501 eo
891 1437 1072 1501 secundum
1088 1438 1359 1502 consuetudinem
1374 1438 1490 1524 Pisone
1510 1437 1647 1524 ecclesie
1662 1436 1837 1518 perfruaris

163 1534 197 1587 et
229 1525 261 1587 in
294 1526 595 1589 consecrationibus
627 1528 723 1589 trium
755 1528 987 1610 episcoporum
1017 1529 1050 1590 in
1081 1527 1223 1603 Corsica,
1251 1527 1430 1590 Aleriensis
1453 1527 1584 1602 scilicet,
1607 1526 1781 1589 Aiacensis
1804 1534 1838 1589 et

163 1610 344 1695 Saguntini,
369 1635 407 1678 ac
430 1616 652 1697 predictorum
675 1617 814 1679 duorum
838 1618 870 1679 in
886 1617 1038 1680 Sardinia
1061 1627 1094 1680 et
1108 1616 1359 1698 Populoniensis
1379 1616 1536 1698 episcopi,
1561 1635 1700 1698 quorum
1716 1626 1835 1679 metro·

163 1703 329 1784 politanus
358 1705 479 1767 existis.
525 1705 560 1768 Si
592 1725 657 1786 qua
687 1707 784 1788 igitur
815 1707 847 1768 in
878 1717 1047 1788 posterum
1082 1707 1303 1792 ecclesiastica
1334 1706 1527 1769 secularisve
1558 1725 1709 1788 persona,
1740 1704 1836 1768 huius

163 1801 273 1856 nostre
296 1795 538 1857 constitutionis
568 1795 725 1876 paginam
748 1796 862 1872 sciens,
894 1806 1009 1859 contra
1039 1816 1111 1859 eam
1145 1805 1268 1859 temere
1295 1796 1405 1858 venire
1435 1795 1654 1876 temptaverit,
1687 1794 1834 1858 secundo

161 1882 300 1945 tertiove
323 1885 534 1960 commonita,
558 1885 619 1946 nisi
636 1887 919 1967 presumptionem
934 1905 1027 1948 suam
1043 1905 1187 1967 congrua
1203 1885 1434 1949 emendatione
1450 1885 1635 1960 correxerit,
1659 1884 1835 1966 potestatis

161 1970 362 2054 honorisque
392 1974 440 2036 sui
479 1974 638 2055 dignitate
676 1984 787 2037 careat
825 1969 1004 2059 rleamque]
1035 1996 1071 2038 se
1102 1975 1214 2037 divino
1245 1974 1366 2037 iudicio
1402 1974 1542 2037 existere
1573 1974 1615 2036 de
1646 1982 1836 2055 perpetrata

162 2060 332 2142 iniquitate
356 2074 544 2144 cognoscat,
569 2073 602 2126 et
625 2083 644 2125 a
667 2064 886 2128 sacratissimo
910 2085 1049 2147 corpore
1072 2085 1111 2128 ac
1133 2064 1291 2146 sanguine
1315 2063 1368 2126 dei
1392 2074 1425 2127 et
1448 2063 1583 2139 domini,
1616 2063 1834 2144 redemptoris

162 2150 264 2213 nostri
294 2152 365 2214 lesu
389 2151 516 2228 Christi,
541 2153 648 2215 aliena
673 2152 739 2230 fiat,
772 2164 872 2234 atque
903 2155 936 2217 in
959 2163 1108 2216 extremo
1132 2155 1284 2216 examine
1314 2154 1459 2216 districte
1483 2153 1597 2215 ultioni
1621 2150 1799 2215 subiaceat.
1826 2147 1831 2235 Ι

162 2237 295 2302 Cunctis
319 2250 437 2318 autem,
466 2240 527 2329 hec
550 2242 597 2305 ita
618 2242 832 2319 servantibus,
862 2244 905 2306 sit
927 2264 995 2326 pax
1018 2244 1143 2307 domini
1167 2243 1268 2306 nostri
1291 2242 1363 2305 lesu
1386 2241 1515 2318 Christi,
1549 2241 1701 2323 quatinus
1725 2240 1834 2304 ethic

162 2327 300 2392 lructum
324 2331 413 2393 bone
443 2332 580 2394 actionis
610 2332 794 2414 percipiant
824 2344 858 2396 et
886 2334 976 2414 apud
999 2333 1181 2397 districtum
1209 2332 1350 2397 iudicem
1380 2332 1507 2414 premia
1537 2341 1648 2419 eterne
1671 2331 1764 2413 pacis
1788 2331 1833 2394 in·

160 2419 302 2482 veniant.
347 2419 425 2483 Am.
449 2418 526 2484 Am.
550 2420 669 2484 Amen.

374 2507 436 2591 (R)
459 2510 532 2592 Ego
555 2510 721 2592 Eugenius
745 2510 906 2597 catholice
929 2510 1065 2597 ecclesie
1088 2511 1265 2593 episcopus
1288 2530 1329 2572 ss.
1354 2505 1421 2592 (M)

375 2594 394 2679 †
417 2599 491 2681 Ego
515 2599 686 2664 Conradus
709 2599 899 2664 Sabinensis
923 2601 1099 2682 episcopus
1121 2620 1162 2662 ss.

373 2685 393 2770 †
417 2689 491 2770 Ego
514 2689 688 2752 Albericus
711 2690 895 2752 Hostiensis
919 2690 1095 2771 episcopus
1118 2710 1159 2753 ss.

374 2774 394 2858 †
417 2780 490 2860 Ego
513 2779 637 2841 Imarus
660 2778 863 2841 Tusculanus
886 2780 1062 2861 episcopus
1085 2799 1125 2841 ss.
1150 2779 1202 2856 (8)

377 2901 410 2913 -
439 2865 459 2950 †
483 2869 556 2949 Ego
580 2867 689 2932 Guido
714 2867 876 2950 presbiter
898 2868 1070 2931 cardinalis
1093 2869 1142 2931 tit.
1166 2867 1271 2930 sancti
1294 2866 1470 2947 Grisogoni
1494 2886 1535 2928 ss.

373 2953 394 3036 †
417 2958 490 3039 Ego
514 2957 687 3020 Hubaldus
710 2956 872 3039 presbiter
894 2958 1066 3020 cardinalis
1089 2958 1139 3020 tit.
1163 2965 1277 3020 sancte
1298 2954 1455 3019 Praxedis
1478 2975 1518 3017 ss.

373 3042 393 3126 †
417 3047 490 3128 Ego
514 3046 687 3109 Hubaldus
710 3046 872 3128 presbiter
895 3046 1067 3111 cardinalis
1089 3048 1137 3111 tir.
1161 3056 1349 3110 sanctorum
1370 3044 1525 3108 Iohannis
1549 3053 1582 3107 et
1603 3043 1693 3108 Pauli
1717 3064 1759 3108 ss.

373 3132 393 3217 †
417 3136 490 3218 Ego
513 3136 705 3199 Manlredus
727 3136 890 3218 presbiter
912 3136 1086 3199 cardinalis
1108 3137 1157 3200 tit.
1182 3145 1295 3199 sancte
1317 3134 1438 3198 Savine
1461 3155 1501 3197 ss.
1525 3129 1579 3217 (1)

372 3226 393 3303 †
416 3226 488 3307 Ego
512 3223 686 3288 Aribertus
709 3224 871 3308 presbiter
893 3225 1066 3289 cardinalis
1089 3227 1137 3290 tit.
1161 3235 1274 3289 sancte
1296 3224 1472 3289 Anastasie
1495 3243 1536 3286 ss

372 3310 393 3395 'r
416 3315 489 3397 Ego
513 3314 663 3380 Ubaldus
686 3315 848 3397 presbiter
870 3316 1043 3380 cardinalis
1064 3316 1113 3380 tit.
1137 3325 1249 3380 sancte
1272 3314 1384 3379 Crucis
1408 3314 1440 3376 in
1463 3312 1638 3376 Ierusalem
1660 3333 1701 3376 ss.

372 3399 393 3484 'r
416 3405 489 3486 Ego
512 3405 697 3468 Bernardus
720 3404 881 3486 presbiter
904 3404 1078 3470 cardinalis
1100 3405 1149 3469 tit.
1172 3406 1276 3468 sancti
1300 3403 1478 3469 Clementis
1501 3424 1542 3466 33.

372 3489 392 3573 †
415 3494 489 3576 Ego
513 3494 670 3558 lordanus
693 3492 856 3576 presbiter
878 3494 1051 3558 cardinalis
1074 3496 1122 3559 tit.
1146 3504 1258 3558 sancte
1280 3494 1430 3558 Susanne
1452 3513 1493 3556 ss.
1517 3492 1565 3572 (2)

370 3615 415 3629 -
438 3580 458 3665 †
482 3585 555 3665 Ego
579 3583 680 3648 Oddo
705 3583 863 3647 diaconus
886 3584 1058 3648 cardinalis
1081 3585 1184 3647 sancti
1209 3583 1342 3666 Georgii
1366 3584 1409 3647 ad
1432 3582 1552 3645 Velum
1576 3576 1719 3668 aulheum
1742 3602 1784 3644 ss,

373 3668 394 3752 'r
416 3673 490 3754 Ego
515 3673 625 3737 Guido
649 3674 807 3737 diaconus
830 3673 1003 3737 cardinalis
1026 3685 1214 3737 sanctorum
1238 3673 1358 3738 Cosme
1381 3683 1414 3736 et
1438 3672 1592 3735 Damiani
1616 3693 1656 3734 ss.

372 3757 393 3842 †
417 3763 490 3843 Ego
514 3763 715 3826 Octavianus
738 3763 896 3826 diaconus
919 3763 1092 3826 cardinalis
1114 3765 1218 3827 sancti
1241 3763 1370 3826 Nicolai
1398 3763 1431 3825 in
1462 3782 1590 3825 carcere
1612 3759 1767 3826 Tulliano
1790 3778 1830 3821 ss.

372 3845 393 3930 'r
416 3850 489 3933 Ego
513 3852 674 3916 Rodulius
697 3853 855 3916 diaconus
877 3852 1050 3916 cardinalis
1072 3862 1185 3917 sancte
1205 3853 1307 3916 Lucie
1330 3853 1362 3915 in
1384 3852 1488 3933 Septa
1510 3850 1588 3915 solis
1611 3871 1652 3915 ss.

372 3935 393 4020 †
416 3940 490 4022 Ego
513 3939 675 4004 Iohannes
698 3942 856 4005 diaconus
880 3941 1052 4005 cardinalis
1074 3952 1186 4006 sancte
1210 3943 1313 4005 Marie
1336 3942 1432 4004 Nove
1455 3961 1496 4003 ss.

373 4026 394 4109 †
417 4030 490 4111 Ego
513 4029 673 4094 Astaldus
697 4031 854 4095 diaconus
878 4031 1050 4094 cardinalis
1073 4033 1176 4094 sancti
1200 4030 1360 4094 Eustathii
1385 4052 1425 4094 ss.
1450 4025 1497 4114 (1)

372 4115 392 4200 †
416 4119 489 4201 Ego
512 4120 673 4183 Berardus
697 4121 854 4184 diaconus
878 4121 1051 4185 cardinalis
1075 4132 1186 4207 sancte
1208 4122 1360 4205 Romane
1381 4119 1518 4208 ecclesie
1541 4139 1582 4181 ss.

372 4203 393 4288 'r
416 4210 490 4290 Ego
514 4208 623 4273 Guido
648 4210 805 4274 diaconus
828 4209 1001 4273 cardinalis
1024 4221 1136 4296 sancte
1160 4211 1263 4297 Marie
1286 4212 1318 4273 in
1341 4211 1471 4273 Porticu
1494 4230 1536 4272 ss.

373 4294 393 4377 †
416 4298 489 4379 Ego
513 4299 625 4362 Petrus
649 4300 805 4363 diaconus
829 4300 1001 4363 cardinalis
1024 4311 1136 4387 sancte
1160 4302 1262 4387 Marip
1285 4300 1317 4362 in
1340 4300 1405 4377 Via
1428 4300 1494 4361 lata
1517 4319 1557 4361 ss.

372 4382 392 4467 †
416 4386 489 4468 Ego
514 4387 662 4451 Cinthius
686 4390 842 4452 diaconus
866 4387 1039 4451 cardinalis
1062 4401 1247 4453 sanctorum
1271 4388 1375 4471 Sergii
1400 4399 1433 4452 et
1456 4386 1558 4451 Bachi
1581 4407 1623 4448 ss.

319 4473 394 4539 Dat.
418 4476 554 4553 Viterbi,
579 4498 639 4559 per
661 4499 793 4541 manum
809 4474 977 4555 Roman,
1001 4489 1112 4565 sancte
1129 4480 1278 4564 Romane
1302 4479 1438 4565 ecclesie
1461 4475 1632 4560 presbiteri
1657 4471 1831 4537 cardinalis

159 4571 192 4624 et
215 4561 407 4626 cancellarii.
445 4581 496 4626 1111
511 4567 564 4629 Kl.
588 4567 654 4629 lun.
692 4565 875 4631 Indictione
892 4583 973 4629 vmr.
1011 4567 1245 4630 lncamationis
1269 4568 1432 4655 dominice
1456 4586 1543 4629 anno
1568 4577 1701 4628 MCXLV.
1746 4560 1829 4624 Pon·

159 4651 299 4714 tificatus
321 4674 400 4717 vero
424 4656 537 4719 domni
561 4653 714 4719 EUGENII
738 4673 775 4718 111
799 4677 855 4739 pp.
880 4675 967 4718 anno
991 4657 1145 4743 secundo,
1169 4692 1213 4701 -

321 4767 365 4818 Or.
384 4767 447 4831 (Arri
463 4768 544 4836 Publ.)
562 4769 596 4818 im
613 4770 726 4820 Archivio
743 4771 771 4820 di
786 4771 854 4820 Staio
870 4787 900 4819 ru
919 4770 997 4829 Pisa‚·
1013 4772 1069 4819 und
1081 4771 1204 4838 Absclm'st
1214 4770 1268 4821 XL.
1290 4772 1330 4831 19,
1349 4770 1376 4819 in
1394 4770 1437 4819 der
1452 4769 1516 4820 Br'bl.
1534 4767 1669 4817 Barberr'na
1686 4783 1716 4815 su
1732 4768 1803 4818 Rom.

320 4840 389 4906 Perg.
408 4841 468 4900 irat,
486 4842 520 4890 br.
542 4843 621 4901 0,505
640 4842 709 4899 (doch
726 4842 897 4908 ursprr'c'nglich
915 4843 1005 4901 breiler,
1023 4859 1071 4892 von
1088 4843 1166 4892 beiden
1179 4843 1364 4893 Seiienrdndern
1381 4849 1453 4891 etwas
1471 4839 1662 4905 algesclnitten),
1681 4841 1742 4905 lang
1759 4842 1830 4903 0,68,

159 4910 329 4974 unmoglich
354 4911 422 4960 wohl
441 4915 539 4978 ldnger,
564 4914 609 4962 das
634 4913 833 4980 Umgesclrlagene
857 4913 1041 4979 abgcschnitten,
1068 4915 1146 4964 durch
1163 4914 1220 4964 rwei
1237 4915 1329 4964 delur
1341 4915 1404 4980 ging
1427 4914 1464 4961 die
1482 4912 1586 4970 Sclmur,
1611 4910 1697 4960 welche
1715 4911 1760 4959 nu't
1777 4911 1829 4960 dem

159 4981 283 5046 Blcisiegcl
297 4985 412 5033 verloren.
441 4984 558 5055 ¹Falturrg
573 4985 617 5033 der
634 4986 730 5036 Bellen.
765 4986 875 5035 Initrirlc:
893 4986 931 5035 Im
949 4984 1045 5049 Ko'rper
1061 4987 1171 5036 vmr'erte
1186 4986 1366 5046 ductat-Forat,
1386 4984 1497 5033 dahimer
1512 4984 1546 5031 im
1565 4983 1721 5033 Vordmteile
1738 4983 1831 5047 doppael·

157 5052 241 5117 lr‘m'gcs
259 5069 282 5112 u,
301 5054 338 5103 die
366 5055 530 5120 Gr'tterschn'st
551 5056 783 5124 vcrhdlrm'ssmdssig
805 5058 871 5108 buit.
910 5057 1068 5124 Verewigrmg
1088 5058 1174 5107 berich!
1197 5075 1243 5107 aus
1266 5058 1409 5122 dicklr'mpen
1427 5056 1593 5115 Buchstaben,
1618 5055 1667 5105 Nr.
1694 5055 1727 5104 ὀὴ
1746 5055 1830 5107 Prvf'.

158 5123 375 5191 Konscn'plschrrjt
398 5127 493 5176 rr'erlr'clr
519 5128 563 5177 mit
585 5129 679 5178 sdurker
702 5129 902 5194 Worttrmnung,
930 5129 967 5177 die
992 5131 1071 5179 beiden
1092 5131 1253 5193 Paprtnumen
1270 5129 1343 5178 dorin
1369 5126 1572 5186 dreivr'erlclhoclr,
1598 5125 1740 5192 Mry‘uskeln
1767 5129 1831 5177 nach

154 5211 259 5260 grassem
279 5195 362 5246 Prorkt
377 5197 574 5265 bromholm,
602 5214 620 5265 g
643 5201 688 5249 mit
710 5199 1002 5261 Liukswicktlsclmdrkel,
1026 5201 1164 5251 er-Zeichm
1188 5202 1300 5251 tiromlrch
1318 5200 1373 5249 und
1388 5200 1574 5264 verschlungen,
1599 5199 1637 5248 die
1654 5197 1671 5258 s,
1691 5198 1711 5247 st
1734 5201 1831 5250 undet

154 5282 227 5332 gerne
245 5268 289 5317 mit
305 5269 591 5333 Spitnoickelsclnerkeln
609 5272 728 5324 uersehen.
763 5275 841 5322 Amen
859 5273 907 5323 Nr.
922 5274 945 5321 3.
983 5276 1046 5323 Rota
1057 5274 1104 5323 Nr.
1121 5277 1143 5334 1,
1163 5273 1196 5322 im
1209 5273 1384 5323 Durchmesrer
1394 5271 1480 5331 0‚063,
1500 5271 1579 5320 daven
1598 5272 1642 5320 dcr
1659 5271 1725 5336 Ring
1742 5274 1830 5332 uota.

158 5337 327 5404 lllorrogramm
346 5342 393 5392 Nr.
411 5345 450 5401 2⁸,
475 5343 535 5392 hoch
553 5346 638 5403 0,061,
666 5343 726 5392 breir
742 5345 812 5404 0,05.
848 5344 998 5410 Riugkrmi,
1030 5346 1089 5395 Um·
1113 5345 1169 5395 und
1194 5344 1356 5410 Untersclm'st
1378 5342 1445 5392 wohl
1461 5343 1552 5410 gleichc
1569 5343 1650 5392 Hand
1674 5343 1732 5391 und
1746 5343 1829 5403 Dirae,

157 5410 215 5458 doch
238 5411 324 5461 &mete
349 5413 385 5463 die
411 5414 548 5480 Umsclrrifl
570 5415 633 5464 auch
652 5431 700 5463 von
727 5415 770 5464 der
786 5415 867 5465 Hand
887 5417 1034 5478 hern'e‘lrrm,
1059 5418 1096 5466 die
1118 5416 1223 5466 Roberti
1247 5417 1274 5465 in
1297 5417 1341 5466 der
1357 5416 1487 5481 Datirung
1509 5414 1635 5481 nachtrug.
1673 5414 1830 5464 Sdmmtliche

158 5481 337 5551 Zeugmfirmm
354 5485 458 5537 kinnim
474 5502 522 5538 von
538 5486 603 5538 einer
614 5486 695 5538 Hand
705 5486 852 5553 geschrieben
869 5488 934 5549 sein,·
950 5490 1020 5538 selim
1038 5487 1141 5539 dmliclr
1158 5489 1234 5554 m'gren
1251 5489 1289 5538 die
1305 5490 1385 5538 letzten
1403 5487 1467 5536 seclus
1484 5487 1622 5537 Kardindle
1635 5486 1725 5553 gleicte
1743 5487 1830 5538 Hand.
