3982 6194
1764 265 1823 330 133

152 433 217 496 sub
247 433 340 497 beati
362 433 448 497 Petri
479 440 513 495 et
543 439 654 495 nostra
684 436 891 515 protectione
918 436 1113 516 suscipimus
1143 444 1177 498 et
1208 437 1368 517 presentis
1398 435 1509 517 scripti
1540 435 1707 518 privilegio
1738 456 1826 500 com·

154 525 329 586 munimus.
374 520 571 597 StatuenteS,
602 532 638 584 ut
668 543 891 605 quascumque
921 524 1154 605 possessiones,
1185 544 1412 604 quaecumque
1439 526 1526 588 bona
1549 527 1664 589 eadem
1688 525 1827 589 ecclesia

154 613 185 673 in
217 614 457 694 presentiarum
490 611 572 674 iuste
603 620 636 673 et
666 614 822 674 canonice
853 613 1014 693 possidet,
1054 622 1109 676 aut
1148 615 1177 675 in
1208 613 1349 675 futurum
1382 616 1592 677 concessione
1625 616 1826 697 pontificum,

154 701 331 783 largitione
354 722 466 782 regum
490 699 541 763 vel
571 701 762 783 principum,
794 700 962 764 oblatione
986 701 1129 765 fidelium
1153 722 1210 764 seu
1234 702 1302 764 aliis
1326 705 1416 765 iustis
1445 705 1552 766 modis
1584 705 1649 767 deo
1680 706 1826 786 propitio

154 794 279 872 poterit
320 791 473 873 adipisci,
513 789 606 852 firma
640 790 700 852 tibi
730 792 859 869 tuisque
889 792 1130 854 successoribus
1162 800 1195 853 et
1224 791 1345 854 illibata
1377 802 1604 875 permaneant3
1643 795 1674 855 in
1707 795 1826 875 quibus

155 880 330 944 ecclesiam
353 880 456 942 sancti
479 878 631 942 Nicholai
655 900 727 965 cum
754 880 902 942 omnibus
926 882 1128 961 pertinentiis
1158 881 1222 943 suis
1253 883 1388 963 proprio
1412 882 1573 944 vocabulo
1596 884 1749 945 duximus
1772 903 1828 945 ex·

154 970 375 1050 primendam.
428 969 642 1031 Decernimus
673 988 759 1049 ergo,
790 976 826 1030 ut
857 970 934 1031 nulli
969 972 1101 1032 omnino
1132 969 1301 1033 hominum
1333 971 1434 1044 liceat,
1466 970 1625 1052 prefatam
1657 971 1825 1035 ecclesiam

154 1067 210 1121 aut
225 1060 318 1123 bona
333 1060 433 1140 ipsius
457 1067 581 1120 temere
599 1107 604 1120 .
622 1104 630 1119 .
647 1107 653 1120 .
670 1058 783 1120 usibus
799 1058 996 1121 omnimodis
1013 1059 1188 1140 profutura,
1211 1058 1299 1121 salva
1320 1060 1407 1121 sedis
1430 1061 1611 1142 apostolice
1633 1063 1827 1123 auctoritate

154 1155 186 1211 et
213 1148 384 1213 diocesani
408 1149 556 1230 episcopi
581 1149 740 1209 canonica
763 1143 920 1233 iusti[cia].
966 1145 1001 1209 Si
1024 1168 1088 1228 qua
1110 1149 1206 1230 igitur
1229 1196 1235 1209 .
1261 1196 1267 1209 .
1291 1197 1298 1210 .
1323 1149 1456 1212 Cunctis
1479 1158 1589 1212 autem
1615 1199 1620 1212 .
1646 1201 1652 1213 .
1678 1197 1685 1212 .
1709 1151 1827 1213 Amen.

153 1235 246 1301 A-m.
274 1274 315 1286 -

371 1325 425 1407 (R)
449 1325 522 1407 Ego
547 1323 742 1387 Anastasius
766 1322 926 1409 catholice
951 1324 1086 1412 ecclesie
1110 1326 1285 1408 episcopus
1309 1346 1351 1389 ss.
1375 1327 1435 1409 (M)

371 1450 416 1462 -
437 1416 459 1496 †
481 1416 554 1496 Ego
578 1412 730 1477 Himarus
754 1413 956 1476 Tusculanus
980 1417 1155 1498 episcopus
1179 1436 1221 1478 ss

369 1506 391 1584 †
414 1504 487 1586 Ego
511 1503 588 1585 Ugo
613 1501 774 1565 Ostiensis
798 1503 972 1586 episcopus
995 1524 1035 1566 ss.

373 1629 412 1638 —
436 1593 457 1675 †
480 1594 552 1676 Ego
576 1593 754 1674 Gregorius
778 1592 938 1674 presbiter
961 1593 1132 1656 cardinalis
1155 1595 1203 1655 tit.
1228 1594 1329 1655 sancti
1354 1592 1469 1658 calixti
1493 1613 1533 1655 ss.

370 1684 392 1762 †
415 1683 487 1765 Ego
512 1682 711 1745 Octavianus
735 1682 900 1764 presbiter
923 1682 1094 1744 cardinalis
1118 1685 1165 1745 tit.
1189 1691 1300 1767 sancte
1325 1683 1445 1770 Cecilie
1468 1702 1509 1745 ss.

370 1771 391 1853 †
414 1770 486 1854 Ego
509 1770 669 1835 Henricus
692 1771 854 1852 presbiter
878 1771 1049 1834 cardinalis
1072 1775 1119 1835 tit
1143 1780 1328 1834 sanctorum
1352 1771 1450 1835 Nerei
1474 1781 1508 1833 et
1530 1770 1669 1834 Achillei
1692 1791 1733 1834 ss.

370 1896 415 1906 —
436 1863 456 1943 †
479 1859 553 1942 Ego
578 1859 679 1923 Oddo
709 1859 866 1922 diaconus
896 1861 1069 1922 cardinalis
1099 1863 1203 1923 sancti
1229 1859 1362 1942 Georgii
1395 1857 1449 1945 [ad
1471 1860 1590 1923 Velum
1617 1857 1763 1946 aureum]
1788 1880 1829 1922 ss.

370 1952 390 2031 †
414 1951 488 2031 Ego
513 1946 631 2035 G[uido
655 1946 825 2034 diaconus]
849 1949 1019 2012 cardinalis
1042 1959 1155 2036 sancte
1179 1947 1293 2033 Malrie
1318 1953 1349 2013 in
1372 1946 1513 2033 Porticu]
1538 1970 1579 2011 ss

370 2041 390 2120 †
414 2039 486 2121 Ego
509 2034 701 2123 [Gerardus]
725 2039 883 2102 diaconus
907 2039 1079 2102 cardinalis
1102 2048 1215 2102 sancte
1239 2039 1340 2126 Marie
1363 2042 1395 2101 in
1419 2041 1481 2102 Via
1505 2038 1570 2101 lata
1593 2059 1633 2101 ss.

316 2128 394 2191 Dat.
410 2128 573 2202 Laterani,
597 2147 657 2209 per
679 2148 810 2190 manum
827 2127 976 2204 Rolandi,
999 2137 1111 2211 sancte
1133 2128 1281 2210 Romane
1306 2129 1441 2210 ecclesie
1464 2128 1635 2210 presbiteri
1659 2127 1830 2190 cardinalis

153 2226 186 2279 et
208 2217 408 2280 cancellarii.
454 2232 518 2281 x111
540 2216 592 2280 Kl.
615 2216 681 2278 lan.
728 2218 910 2280 Indictione
932 2232 967 2280 ΙΙ.
1013 2219 1242 2281 Incarnationis
1272 2218 1435 2303 dominice
1466 2238 1551 2280 anno
1582 2230 1703 2279 MCL111.
1748 2219 1832 2281 Pon·

153 2306 298 2370 tificatus
321 2327 402 2370 vero
427 2308 539 2370 domni
561 2308 728 2370 Anastasii
753 2327 809 2388 pp.
833 2320 885 2369 1111
908 2327 993 2369 anno
1018 2308 1135 2389 primo·
1160 2343 1200 2353 -

320 2421 364 2470 Or.
392 2421 483 2471 Nachb.
513 2421 678 2487 (Primartiele)
701 2422 734 2469 irn
757 2420 872 2470 Archivr'o
895 2420 922 2469 di
946 2421 1012 2469 Stnto
1038 2438 1068 2470 an
1097 2422 1167 2481 Pisa,
1198 2421 1253 2470 und
1275 2424 1360 2486 Reges!
1382 2421 1416 2470 im
1438 2421 1503 2471 Cart.
1524 2420 1591 2470 XLI
1608 2422 1648 2471 des
1665 2420 1779 2470 Archnn‘o
1806 2420 1834 2468 di

155 2493 269 2542 Statores
288 2492 394 2543 Flormz.

320 2564 390 2631 Perg.
407 2564 467 2624 nae,
492 2565 527 2612 br.
547 2566 633 2624 0,505,
658 2566 719 2629 lang
736 2564 804 2623 0,n3,
829 2570 904 2612 untcn
927 2563 994 2612 nicht
1017 2563 1198 2628 umgescllagen
1215 2564 1271 2611 und
1284 2564 1407 2626 plumbfn,
1432 2565 1495 2614 anch
1519 2563 1557 2614 eni
1575 2579 1688 2629 gewescn.
1725 2564 1834 2629 Faltung

158 2636 200 2684 der
216 2636 315 2687 Bullen.
354 2637 389 2685 lst
408 2636 556 2686 lirenkbulle
574 2636 617 2684 nrr'!
635 2636 705 2684 deren
723 2635 1052 2684 Anesserlickkeiten.—Die
1070 2635 1244 2701 ltbclzbildnng
1265 2635 1364 2684 erkennt
1386 2653 1444 2685 man
1469 2653 1502 2684 an
1520 2635 1679 2685 Einzelheiten
1697 2637 1740 2685 der
1756 2643 1832 2685 ersten

160 2707 219 2756 Zeile
238 2708 295 2755 und
317 2708 357 2756 des
374 2708 528 2772 Knnscn'pts,
554 2709 592 2756 die
609 2709 683 2756 denen
700 2708 743 2756 der
764 2707 887 2771 Orr'gr'nale
911 2706 977 2755 nicht
997 2707 1158 2770 ernsprechen,
1178 2709 1268 2771 serner
1291 2708 1385 2767 daran,
1412 2709 1468 2756 dass
1485 2709 1550 2756 Alles
1571 2724 1619 2756 von
1633 2707 1738 2773 gleiclter
1755 2707 1835 2756 Hand

159 2780 322 2844 eingetragen,
352 2779 447 2828 obewhl
469 2779 506 2828 die
524 2780 704 2845 Zeugmfirmen
728 2779 754 2826 in
778 2778 895 2827 munchen
917 2778 1066 2827 Buchstaben
1088 2778 1225 2826 absiclnich
1247 2794 1294 2826 von
1319 2779 1393 2828 denen
1417 2779 1456 2828 des
1479 2779 1661 2843 Hauptkdrpers
1683 2779 1832 2827 verselieden

157 2852 264 2915 gerrellet
286 2853 404 2911 wurden,
428 2850 461 2899 sie
481 2851 538 2900 und
560 2853 598 2900 die
615 2852 743 2913 Datirung
764 2851 827 2908 sind
852 2849 896 2898 wie
919 2865 942 2898 es
964 2848 1066 2912 scinne,
1091 2850 1135 2897 mit
1156 2851 1305 2899 verdie'nnter
1321 2852 1396 2899 Dinte
1416 2851 1572 2916 geschn'eben.
1610 2852 1666 2899 Das
1683 2851 1706 2899 R
1723 2850 1834 2899 Rolnnds

160 2923 242 2971 wurdt
263 2923 342 2988 gleich
366 2923 523 2988 nungentum,
550 2923 594 2971 das
618 2922 788 2987 Momgramm
810 2921 854 2969 mit
876 2922 934 2970 zwei
950 2937 1049 2986 grossen
1074 2922 1169 2970 linoten
1193 2938 1227 2970 an
1250 2922 1293 2970 der
1316 2923 1421 2987 Sclerdge
1442 2923 1532 2971 kormnt
1554 2939 1579 2970 so
1602 2931 1667 2970 sense
1689 2922 1756 2971 niem
1780 2937 1831 2981 vor,

164 2993 294 3060 Unuchlag
311 2994 368 3042 und
385 2995 547 3060 Plumbirung
554 2995 647 3060 fehlen.
668 3022 701 3029 -
720 2993 791 3041 Auch
808 2993 846 3040 die
863 2992 1041 3057 Forrnulinmg
1062 3002 1139 3058 erregt
1155 2995 1260 3051 Annon,
1278 3010 1304 3041 so
1321 2994 1412 3042 divinis
1431 2994 1549 3055 cultibus,
1576 2995 1679 3058 proprio
1697 2993 1831 3055 vocabulo,

162 3071 199 3114 aut
218 3066 299 3127 bona,
316 3067 407 3130 semer
423 3083 474 3114 nur
491 3066 548 3115 ervei
563 3074 622 3115 stat!
638 3065 691 3115 drn'
712 3067 797 3124 Amen,
816 3065 895 3113 sancti
915 3063 1004 3113 Calixti
1022 3071 1080 3113 stan
1101 3067 1150 3114 bles
1169 3064 1272 3124 Calixti;
1297 3065 1403 3115 dennoch
1424 3065 1456 3114 ἰαί
1478 3066 1515 3115 die
1536 3065 1653 3116 Urkrende
1676 3065 1753 3116 sicher
1770 3064 1833 3114 nach

161 3136 236 3187 esner
257 3138 359 3203 Vorlage
375 3137 526 3203 angesertigt.

903 3338 970 3413 Nr.
1003 3310 1089 3414 126.

162 3471 356 3536 Anastasius
372 3470 396 3533 I
402 3469 434 3534 V
442 3470 592 3553 bestc'ittgt
609 3468 681 3533 dem
707 3467 870 3533 Korwente
890 3492 950 3534 von
974 3470 1041 3534 San
1068 3469 1232 3535 Giovanni
1252 3473 1285 3535 in
1302 3472 1460 3536 Laterano
1481 3492 1522 3535 zu
1538 3472 1621 3535 Rom
1644 3470 1698 3535 die
1713 3471 1833 3536 Besitz·

650 3558 784 3623 thdmer
804 3559 874 3623 und
894 3560 1011 3624 Rechte
1032 3562 1139 3624 seiner
1161 3559 1282 3624 Kirclze
1298 3563 1337 3639 ¹).

721 3696 805 3757 1153
827 3693 1003 3758 December
1023 3697 1075 3758 30.
1122 3694 1273 3758 Lateran.

320 3829 514 3894 Anastasius
537 3830 721 3911 episcopus,
750 3848 862 3891 servus
885 3848 1053 3891 servorum
1077 3830 1141 3903 dei,
1171 3828 1298 3891 dilectis
1327 3828 1401 3891 tiliis
1424 3828 1570 3903 Iohanni,
1601 3829 1701 3911 priori
1726 3849 1834 3892 sacro·

162 3922 259 3984 sancti
283 3918 469 4003 patriarchii
491 3917 625 4003 basilice
640 3917 819 3982 Salvatoris
842 3918 977 3992 domini,
1001 3937 1065 3997 que
1082 3918 1347 3982 Constantiniana
1367 3927 1510 3993 vocatur,
1534 3920 1723 4000 pariterque
1745 3919 1834 3982 beati

162 4009 315 4073 Iohannis
339 4011 482 4092 baptiste
511 4016 545 4070 et
567 4007 719 4071 Iohannis
750 4007 957 4088 evangeliste,
989 4009 1123 4089 eiusque
1147 4008 1298 4070 iratribus
1327 4008 1498 4082 canonicis,
1528 4015 1595 4069 tam
1626 4008 1833 4090 presentibus

163 4119 258 4179 quam
276 4098 403 4176 suturis,
427 4097 607 4179 regularem
623 4099 723 4160 vitam
740 4097 905 4179 professis,
930 4099 1179 4178 imperpetuum.
1217 4099 1416 4160 Potestatem
1434 4096 1555 4178 ligandi
1570 4105 1669 4177 atque
1685 4097 1834 4160 solvendi

163 4196 225 4252 tam
250 4192 284 4252 in
311 4188 390 4251 celis
413 4206 511 4267 quam
528 4188 559 4248 in
575 4195 660 4249 terra
675 4187 774 4249 beato
791 4187 888 4248 Petro
904 4186 1037 4264 eiusque
1053 4186 1295 4248 successoribus
1311 4194 1445 4248 auctore
1461 4186 1596 4249 domino
1612 4185 1835 4268 principaliter

163 4279 316 4341 traditam
347 4278 409 4340 illis
439 4275 577 4339 ecclesia
600 4276 708 4339 verbis
731 4275 889 4358 agnoscit,
921 4275 1041 4355 quibus
1064 4276 1194 4338 Petrum
1219 4284 1268 4338 est
1292 4276 1380 4338 idem
1403 4276 1484 4337 deus
1507 4274 1682 4338 allocutus:
1720 4273 1835 4356 Quod-

163 4386 305 4449 cumque
328 4364 477 4448 ligaveris
500 4373 751 4448 superterram,
780 4366 841 4427 erit
863 4364 996 4446 ligatum
1021 4365 1109 4426 etin
1132 4364 1203 4427 celo
1234 4372 1276 4438 et,
1307 4366 1540 4446 quodcumque
1569 4364 1705 4427 solveris
1735 4385 1834 4447 super

163 4465 291 4531 terram,
317 4459 378 4518 erit
400 4455 543 4519 solutum
567 4455 655 4517 etin
679 4455 757 4517 celis
775 4452 811 4536 ²).
856 4453 922 4535 Ipsi
947 4471 1080 4533 quoque
1103 4462 1136 4516 et
1159 4455 1291 4536 proprie
1315 4453 1451 4517 firmitas
1474 4462 1506 4517 et
1529 4452 1633 4517 aliene
1656 4453 1733 4517 fidei
1757 4474 1833 4517 con-

164 4546 304 4609 firmatio
329 4546 446 4609 eodem
479 4545 544 4607 deo
573 4551 708 4607 auctore
731 4550 902 4625 prestatur,
927 4562 1001 4605 cum
1025 4543 1067 4604 ad
1091 4563 1165 4606 eum
1190 4543 1321 4606 dicitur:
1360 4544 1485 4625 Rogavi
1510 4551 1635 4625 prote,
1664 4543 1768 4621 Petre,
1800 4551 1835 4605 ut

163 4657 226 4699 non
252 4634 387 4697 deficiat
409 4633 492 4696 fides
515 4642 579 4706 tua,
604 4641 638 4694 et
659 4641 694 4695 tu
717 4632 891 4712 aliquando
916 4651 1091 4694 conversus
1108 4631 1264 4694 confirma
1285 4633 1397 4695 iratres
1413 4640 1486 4695 tuos
1504 4631 1541 4711 ³).
1580 4630 1724 4715 Oportet
1739 4633 1836 4713 igitur

164 4746 231 4801 nos,
257 4725 329 4804 qui,
353 4723 428 4786 licet
451 4723 584 4805 indigni,
614 4721 701 4784 beati
725 4723 810 4785 Petri
835 4721 1015 4783 residemus
1038 4723 1070 4783 in
1093 4720 1183 4797 loco,
1216 4731 1315 4804 prout
1347 4722 1452 4784 divina
1482 4721 1575 4783 nobis
1606 4720 1778 4784 clementia
1802 4731 1835 4784 et

164 4815 244 4876 scire
269 4822 304 4874 et
327 4833 426 4895 posse
450 4812 630 4886 donaverit,
653 4831 753 4893 prava
776 4811 949 4891 corrigere,
974 4817 1062 4872 recta
1086 4809 1215 4873 firmare
1237 4819 1270 4873 et
1293 4813 1325 4872 in
1349 4813 1417 4873 eius
1441 4811 1578 4873 ecclesia
1600 4811 1645 4873 sic
1661 4810 1704 4872 ad
1721 4812 1835 4873 interni

164 4904 335 4966 arbitrium
366 4901 479 4964 iudicis
510 4901 716 4983 disponenda
748 4900 932 4980 disponere,
961 4908 997 4962 ut
1020 4901 1062 4962 de
1084 4900 1174 4962 vultu
1198 4902 1267 4962 eius
1290 4901 1444 4963 iudicium
1470 4907 1616 4962 nostrum
1641 4900 1778 4982 prodeat
1802 4908 1835 4962 et

165 4991 248 5056 oculi
274 4993 378 5054 nostri
401 4991 535 5054 videant
557 4992 745 5071 equitatem.
791 4987 922 5070 Equum
946 4997 996 5051 est
1012 5009 1091 5070 ergo
1115 5009 1153 5052 ac
1169 4989 1371 5064 rationabile,
1395 4997 1430 5052 ut
1450 5008 1526 5051 suus
1542 4990 1714 5068 unicuique
1729 4987 1835 5051 honor

165 5083 303 5145 ecclesie
334 5101 373 5143 ac
405 5081 543 5162 dignitas
574 5086 784 5142 conservetur
814 5085 855 5151 et,
884 5079 968 5139 sicut
1000 5079 1032 5140 in
1064 5077 1196 5141 humani
1222 5099 1383 5160 compage
1406 5079 1553 5160 corporis
1578 5077 1728 5140 naturalis
1752 5079 1834 5142 ratio

164 5172 300 5254 singulis
324 5169 584 5251 quibuscumque
607 5168 764 5231 membris
787 5166 829 5229 ad
849 5165 986 5228 salutem
1007 5168 1182 5250 providens
1209 5168 1368 5250 speciales
1386 5176 1418 5230 et
1433 5167 1583 5249 proprios
1599 5176 1690 5230 actus
1706 5168 1834 5242 edocet,

165 5260 380 5324 nobilioribus
412 5279 490 5321 vero
521 5278 612 5320 suam
643 5256 833 5339 dignitatem
865 5265 1047 5331 conservat,
1079 5257 1122 5318 ita
1153 5260 1185 5320 in
1217 5277 1357 5339 corpore
1388 5256 1525 5319 ecclesie
1556 5255 1737 5338 apostolica
1760 5277 1834 5338 pro-

164 5352 311 5414 videntia
338 5350 519 5412 secundum
547 5366 712 5410 sacrorum
736 5344 953 5408 institutiones
978 5365 1140 5409 canonum
1173 5349 1337 5409 universas
1367 5346 1448 5428 regit
1481 5345 1641 5419 ecclesias,
1672 5347 1836 5428 digniores

164 5451 274 5504 autem
308 5446 342 5502 et
372 5437 565 5501 famosiores
596 5438 627 5498 in
658 5437 706 5498 sui
737 5442 840 5497 status
871 5438 1078 5516 prerogativa
1110 5437 1258 5500 custodit.
1306 5436 1409 5498 Huius
1431 5437 1543 5517 itaque
1566 5435 1698 5498 rationis
1721 5435 1834 5499 debito

273 5576 285 5581 -
294 5572 500 5581 .--·....—.—--—-
514 5572 549 5578 -
558 5573 578 5578 .,..

329 5635 354 5700 1)
379 5631 514 5698 Vergtdie
536 5627 1171 5695 Urk.vorn217uni1138und19Mai1154.
1244 5627 1407 5692 ηΜαίΙιᾶω
1429 5629 1531 5688 16,19.
1604 5630 1631 5695 3)
1647 5627 1729 5677 Lucas
1741 5628 1834 5689 2232.
1934 5684 1936 5697 Ι

1920 5722 1936 5815 l
