<?xml version="1.0" encoding="UTF-8"?>
<!DOCTYPE html PUBLIC "-//W3C//DTD XHTML 1.0 Transitional//EN"
    "http://www.w3.org/TR/xhtml1/DTD/xhtml1-transitional.dtd">
<html xmlns="http://www.w3.org/1999/xhtml" xml:lang="en" lang="en">
 <head>
  <title>
</title>
<meta http-equiv="Content-Type" content="text/html;charset=utf-8" />
  <meta name='ocr-system' content='tesseract 3.04.00' />
  <meta name='ocr-capabilities' content='ocr_page ocr_carea ocr_par ocr_line ocrx_word'/>
</head>
<body>
  <div class='ocr_page' id='page_1' title='image "actapontificumr00papagoog_0184.png"; bbox 0 0 3982 6194; ppageno 0'>
   <div class='ocr_carea' id='block_1_1' title="bbox 1764 301 1821 370">
    <p class='ocr_par' dir='ltr' id='par_1_1' title="bbox 1764 301 1821 370">
     <span class='ocr_line' id='line_1_1' title="bbox 1764 301 1821 370; baseline -0.053 0"><span class='ocrx_word' id='word_1_1' title='bbox 1764 301 1821 370; x_wconf 75' lang='grc' dir='ltr'>ῐ75</span> 
     </span>
    </p>
   </div>
   <div class='ocr_carea' id='block_1_2' title="bbox 155 472 1826 924">
    <p class='ocr_par' dir='ltr' id='par_1_2' title="bbox 155 472 1826 924">
     <span class='ocr_line' id='line_1_2' title="bbox 156 472 1825 565; baseline -0.005 -15"><span class='ocrx_word' id='word_1_2' title='bbox 156 488 185 550; x_wconf 91' lang='lat' dir='ltr'>in</span> <span class='ocrx_word' id='word_1_3' title='bbox 208 487 279 550; x_wconf 92' lang='lat' dir='ltr'>eius</span> <span class='ocrx_word' id='word_1_4' title='bbox 302 485 409 548; x_wconf 81' lang='lat' dir='ltr'>fuistis</span> <span class='ocrx_word' id='word_1_5' title='bbox 431 482 596 565; x_wconf 87' lang='lat' dir='ltr'>presentia</span> <span class='ocrx_word' id='word_1_6' title='bbox 619 482 793 562; x_wconf 90' lang='lat' dir='ltr'>prosecuti.</span> <span class='ocrx_word' id='word_1_7' title='bbox 838 481 912 561; x_wconf 91' lang='lat' dir='ltr'>lpse</span> <span class='ocrx_word' id='word_1_8' title='bbox 936 472 1057 563; x_wconf 76' lang='lat' dir='ltr'>[verol]</span> <span class='ocrx_word' id='word_1_9' title='bbox 1083 477 1186 539; x_wconf 92' lang='lat' dir='ltr'>noluit</span> <span class='ocrx_word' id='word_1_10' title='bbox 1213 478 1255 539; x_wconf 90' lang='lat' dir='ltr'>de</span> <span class='ocrx_word' id='word_1_11' title='bbox 1278 475 1500 558; x_wconf 85' lang='lat' dir='ltr'>appellatione</span> <span class='ocrx_word' id='word_1_12' title='bbox 1530 494 1737 559; x_wconf 86' lang='lat' dir='ltr'>cognoscere,</span> <span class='ocrx_word' id='word_1_13' title='bbox 1766 479 1825 541; x_wconf 92' lang='lat' dir='ltr'>sed</span> 
     </span>
     <span class='ocr_line' id='line_1_3' title="bbox 155 564 1824 655; baseline -0.006 -16"><span class='ocrx_word' id='word_1_14' title='bbox 155 576 294 639; x_wconf 89' lang='lat' dir='ltr'>eandem</span> <span class='ocrx_word' id='word_1_15' title='bbox 319 593 453 637; x_wconf 89' lang='lat' dir='ltr'>causam</span> <span class='ocrx_word' id='word_1_16' title='bbox 475 572 517 633; x_wconf 94' lang='lat' dir='ltr'>ad</span> <span class='ocrx_word' id='word_1_17' title='bbox 541 566 846 655; x_wconf 72' lang='lat' dir='ltr'>archliepiscolpum</span> <span class='ocrx_word' id='word_1_18' title='bbox 869 569 1011 632; x_wconf 92' lang='lat' dir='ltr'>eundem</span> <span class='ocrx_word' id='word_1_19' title='bbox 1033 568 1156 629; x_wconf 88' lang='lat' dir='ltr'>remisit</span> <span class='ocrx_word' id='word_1_20' title='bbox 1175 564 1208 648; x_wconf 90' lang='lat'>¹).</span> <span class='ocrx_word' id='word_1_21' title='bbox 1255 565 1319 647; x_wconf 86' lang='lat' dir='ltr'>Qui</span> <span class='ocrx_word' id='word_1_22' title='bbox 1344 566 1493 628; x_wconf 89' lang='lat' dir='ltr'>nimirum</span> <span class='ocrx_word' id='word_1_23' title='bbox 1525 567 1567 629; x_wconf 88' lang='lat' dir='ltr'>ab</span> <span class='ocrx_word' id='word_1_24' title='bbox 1595 588 1634 629; x_wconf 93' lang='lat' dir='ltr'>ea</span> <span class='ocrx_word' id='word_1_25' title='bbox 1656 569 1824 643; x_wconf 90' lang='lat' dir='ltr'>sententia,</span> 
     </span>
     <span class='ocr_line' id='line_1_4' title="bbox 156 656 1826 746; baseline -0.005 -19"><span class='ocrx_word' id='word_1_26' title='bbox 156 685 253 746; x_wconf 88' lang='lat' dir='ltr'>quam</span> <span class='ocrx_word' id='word_1_27' title='bbox 277 663 468 746; x_wconf 87' lang='lat' dir='ltr'>protulerat,</span> <span class='ocrx_word' id='word_1_28' title='bbox 500 680 566 722; x_wconf 93' lang='lat' dir='ltr'>non</span> <span class='ocrx_word' id='word_1_29' title='bbox 598 661 737 734; x_wconf 88' lang='lat' dir='ltr'>recessit,</span> <span class='ocrx_word' id='word_1_30' title='bbox 769 660 856 721; x_wconf 92' lang='lat' dir='ltr'>unde</span> <span class='ocrx_word' id='word_1_31' title='bbox 887 657 1102 739; x_wconf 91' lang='lat' dir='ltr'>postmodum</span> <span class='ocrx_word' id='word_1_32' title='bbox 1134 676 1207 718; x_wconf 91' lang='lat' dir='ltr'>eam</span> <span class='ocrx_word' id='word_1_33' title='bbox 1237 656 1324 718; x_wconf 90' lang='lat' dir='ltr'>idem</span> <span class='ocrx_word' id='word_1_34' title='bbox 1355 666 1541 717; x_wconf 87' lang='lat' dir='ltr'>antecessor</span> <span class='ocrx_word' id='word_1_35' title='bbox 1569 667 1679 719; x_wconf 90' lang='lat' dir='ltr'>noster</span> <span class='ocrx_word' id='word_1_36' title='bbox 1702 668 1735 720; x_wconf 94' lang='lat' dir='ltr'>et</span> <span class='ocrx_word' id='word_1_37' title='bbox 1757 677 1826 719; x_wconf 90' lang='lat' dir='ltr'>suc-</span> 
     </span>
     <span class='ocr_line' id='line_1_5' title="bbox 156 743 1826 832; baseline -0.005 -16"><span class='ocrx_word' id='word_1_38' title='bbox 156 774 302 816; x_wconf 84' lang='lat' dir='ltr'>cessores</span> <span class='ocrx_word' id='word_1_39' title='bbox 326 753 403 826; x_wconf 74' lang='lat' dir='ltr'>eiuS,</span> <span class='ocrx_word' id='word_1_40' title='bbox 435 747 697 832; x_wconf 74' lang='lat' dir='ltr'>CE1,EST1NUS¹)</span> <span class='ocrx_word' id='word_1_41' title='bbox 720 758 753 810; x_wconf 93' lang='lat' dir='ltr'>et</span> <span class='ocrx_word' id='word_1_42' title='bbox 775 746 958 829; x_wconf 76' lang='lat' dir='ltr'>LUCIUS¹)‚</span> <span class='ocrx_word' id='word_1_43' title='bbox 990 745 1214 807; x_wconf 92' lang='lat' dir='ltr'>Romanorum</span> <span class='ocrx_word' id='word_1_44' title='bbox 1238 743 1418 825; x_wconf 82' lang='lat' dir='ltr'>pontifices,</span> <span class='ocrx_word' id='word_1_45' title='bbox 1451 744 1690 809; x_wconf 86' lang='lat' dir='ltr'>confirmarunt.</span> <span class='ocrx_word' id='word_1_46' title='bbox 1735 748 1826 809; x_wconf 92' lang='lat' dir='ltr'>Post-</span> 
     </span>
     <span class='ocr_line' id='line_1_6' title="bbox 155 834 1825 924; baseline -0.005 -19"><span class='ocrx_word' id='word_1_47' title='bbox 155 844 293 905; x_wconf 89' lang='lat' dir='ltr'>modum</span> <span class='ocrx_word' id='word_1_48' title='bbox 316 861 395 904; x_wconf 92' lang='lat' dir='ltr'>vero</span> <span class='ocrx_word' id='word_1_49' title='bbox 419 834 544 924; x_wconf 71' lang='lat' dir='ltr'>[ilelicis</span> <span class='ocrx_word' id='word_1_50' title='bbox 568 839 724 899; x_wconf 91' lang='lat' dir='ltr'>memorie</span> <span class='ocrx_word' id='word_1_51' title='bbox 756 857 844 919; x_wconf 91' lang='lat' dir='ltr'>papa</span> <span class='ocrx_word' id='word_1_52' title='bbox 866 836 1059 909; x_wconf 82' lang='lat' dir='ltr'>EUGENIUS,</span> <span class='ocrx_word' id='word_1_53' title='bbox 1093 845 1280 896; x_wconf 86' lang='lat' dir='ltr'>antecessor</span> <span class='ocrx_word' id='word_1_54' title='bbox 1309 844 1420 895; x_wconf 89' lang='lat' dir='ltr'>noster</span> <span class='ocrx_word' id='word_1_55' title='bbox 1451 845 1484 894; x_wconf 93' lang='lat' dir='ltr'>et</span> <span class='ocrx_word' id='word_1_56' title='bbox 1507 854 1674 897; x_wconf 84' lang='lat' dir='ltr'>successor</span> <span class='ocrx_word' id='word_1_57' title='bbox 1704 855 1825 910; x_wconf 94' lang='lat' dir='ltr'>eorum,</span> 
     </span>
    </p>
   </div>
   <div class='ocr_carea' id='block_1_3' title="bbox 116 922 1836 4928">
    <p class='ocr_par' dir='ltr' id='par_1_3' title="bbox 116 922 1836 4928">
     <span class='ocr_line' id='line_1_7' title="bbox 156 922 1826 1013; baseline -0.004 -19"><span class='ocrx_word' id='word_1_58' title='bbox 156 934 208 1013; x_wconf 91' lang='lat' dir='ltr'>qui</span> <span class='ocrx_word' id='word_1_59' title='bbox 233 932 278 993; x_wconf 90' lang='lat' dir='ltr'>ab</span> <span class='ocrx_word' id='word_1_60' title='bbox 311 928 535 992; x_wconf 90' lang='lat' dir='ltr'>adolescentia</span> <span class='ocrx_word' id='word_1_61' title='bbox 566 928 598 988; x_wconf 92' lang='lat' dir='ltr'>in</span> <span class='ocrx_word' id='word_1_62' title='bbox 630 927 746 989; x_wconf 91' lang='lat' dir='ltr'>eadem</span> <span class='ocrx_word' id='word_1_63' title='bbox 778 926 915 988; x_wconf 90' lang='lat' dir='ltr'>ecclesia</span> <span class='ocrx_word' id='word_1_64' title='bbox 947 931 1156 986; x_wconf 89' lang='lat' dir='ltr'>conversatus</span> <span class='ocrx_word' id='word_1_65' title='bbox 1187 942 1318 985; x_wconf 89' lang='lat' dir='ltr'>causam</span> <span class='ocrx_word' id='word_1_66' title='bbox 1350 922 1477 1004; x_wconf 91' lang='lat' dir='ltr'>plenius</span> <span class='ocrx_word' id='word_1_67' title='bbox 1508 935 1658 1000; x_wconf 87' lang='lat' dir='ltr'>noverat,</span> <span class='ocrx_word' id='word_1_68' title='bbox 1699 936 1826 1005; x_wconf 88' lang='lat' dir='ltr'>partem</span> 
     </span>
     <span class='ocr_line' id='line_1_8' title="bbox 154 1012 1827 1103; baseline -0.006 -20"><span class='ocrx_word' id='word_1_69' title='bbox 154 1032 297 1083; x_wconf 90' lang='lat' dir='ltr'>vestram</span> <span class='ocrx_word' id='word_1_70' title='bbox 313 1013 507 1103; x_wconf 76' lang='lat' dir='ltr'>gralva]tam</span> <span class='ocrx_word' id='word_1_71' title='bbox 524 1015 715 1096; x_wconf 86' lang='lat' dir='ltr'>intelligens,</span> <span class='ocrx_word' id='word_1_72' title='bbox 732 1015 871 1077; x_wconf 92' lang='lat' dir='ltr'>eandem</span> <span class='ocrx_word' id='word_1_73' title='bbox 888 1033 1019 1076; x_wconf 89' lang='lat' dir='ltr'>causam</span> <span class='ocrx_word' id='word_1_74' title='bbox 1035 1013 1078 1074; x_wconf 93' lang='lat' dir='ltr'>ad</span> <span class='ocrx_word' id='word_1_75' title='bbox 1094 1013 1363 1092; x_wconf 90' lang='lat' dir='ltr'>conquestionem</span> <span class='ocrx_word' id='word_1_76' title='bbox 1375 1023 1516 1074; x_wconf 88' lang='lat' dir='ltr'>vestram</span> <span class='ocrx_word' id='word_1_77' title='bbox 1528 1012 1631 1075; x_wconf 92' lang='lat' dir='ltr'>voluit</span> <span class='ocrx_word' id='word_1_78' title='bbox 1646 1022 1827 1076; x_wconf 88' lang='lat' dir='ltr'>retractare.</span> 
     </span>
     <span class='ocr_line' id='line_1_9' title="bbox 154 1101 1829 1183; baseline -0.004 -11"><span class='ocrx_word' id='word_1_79' title='bbox 154 1108 431 1172; x_wconf 89' lang='lat' dir='ltr'>Dissuadentibus</span> <span class='ocrx_word' id='word_1_80' title='bbox 455 1115 565 1167; x_wconf 92' lang='lat' dir='ltr'>autem</span> <span class='ocrx_word' id='word_1_81' title='bbox 588 1105 739 1166; x_wconf 83' lang='lat' dir='ltr'>fratribus</span> <span class='ocrx_word' id='word_1_82' title='bbox 762 1114 795 1166; x_wconf 93' lang='lat' dir='ltr'>et</span> <span class='ocrx_word' id='word_1_83' title='bbox 818 1104 940 1167; x_wconf 90' lang='lat' dir='ltr'>abbate</span> <span class='ocrx_word' id='word_1_84' title='bbox 963 1102 1078 1164; x_wconf 92' lang='lat' dir='ltr'>iuditio</span> <span class='ocrx_word' id='word_1_85' title='bbox 1102 1111 1187 1163; x_wconf 90' lang='lat' dir='ltr'>stare</span> <span class='ocrx_word' id='word_1_86' title='bbox 1211 1101 1351 1175; x_wconf 91' lang='lat' dir='ltr'>nolente,</span> <span class='ocrx_word' id='word_1_87' title='bbox 1381 1101 1593 1163; x_wconf 91' lang='lat' dir='ltr'>dividendum</span> <span class='ocrx_word' id='word_1_88' title='bbox 1614 1104 1724 1183; x_wconf 89' lang='lat' dir='ltr'>potius</span> <span class='ocrx_word' id='word_1_89' title='bbox 1745 1104 1829 1165; x_wconf 91' lang='lat' dir='ltr'>inter</span> 
     </span>
     <span class='ocr_line' id='line_1_10' title="bbox 154 1185 1826 1280; baseline -0.005 -20"><span class='ocrx_word' id='word_1_90' title='bbox 154 1220 211 1260; x_wconf 92' lang='lat' dir='ltr'>vos</span> <span class='ocrx_word' id='word_1_91' title='bbox 227 1219 290 1280; x_wconf 92' lang='lat' dir='ltr'>per</span> <span class='ocrx_word' id='word_1_92' title='bbox 307 1197 460 1271; x_wconf 92' lang='lat' dir='ltr'>medium,</span> <span class='ocrx_word' id='word_1_93' title='bbox 478 1193 569 1275; x_wconf 91' lang='lat' dir='ltr'>quod</span> <span class='ocrx_word' id='word_1_94' title='bbox 585 1194 616 1255; x_wconf 93' lang='lat' dir='ltr'>in</span> <span class='ocrx_word' id='word_1_95' title='bbox 633 1194 879 1256; x_wconf 88' lang='lat' dir='ltr'>contentionem</span> <span class='ocrx_word' id='word_1_96' title='bbox 896 1193 1079 1265; x_wconf 77' lang='lat' dir='ltr'>devenerat,</span> <span class='ocrx_word' id='word_1_97' title='bbox 1097 1210 1194 1271; x_wconf 91' lang='lat' dir='ltr'>quam</span> <span class='ocrx_word' id='word_1_98' title='bbox 1211 1185 1394 1273; x_wconf 76' lang='lat' dir='ltr'>sententile]</span> <span class='ocrx_word' id='word_1_99' title='bbox 1415 1187 1441 1274; x_wconf 83' lang='lat' dir='ltr'>a)</span> <span class='ocrx_word' id='word_1_100' title='bbox 1457 1191 1573 1270; x_wconf 84' lang='lat' dir='ltr'>prelati</span> <span class='ocrx_word' id='word_1_101' title='bbox 1591 1192 1826 1273; x_wconf 90' lang='lat' dir='ltr'>archiepiscopi</span> 
     </span>
     <span class='ocr_line' id='line_1_11' title="bbox 154 1274 1826 1369; baseline -0.004 -20"><span class='ocrx_word' id='word_1_102' title='bbox 154 1308 211 1369; x_wconf 90' lang='lat' dir='ltr'>per</span> <span class='ocrx_word' id='word_1_103' title='bbox 236 1286 435 1350; x_wconf 91' lang='lat' dir='ltr'>iuditiariam</span> <span class='ocrx_word' id='word_1_104' title='bbox 458 1283 654 1346; x_wconf 90' lang='lat' dir='ltr'>sententiam</span> <span class='ocrx_word' id='word_1_105' title='bbox 678 1282 879 1345; x_wconf 90' lang='lat' dir='ltr'>obviandum</span> <span class='ocrx_word' id='word_1_106' title='bbox 895 1281 1001 1362; x_wconf 84' lang='lat' dir='ltr'>elegit,</span> <span class='ocrx_word' id='word_1_107' title='bbox 1026 1291 1125 1361; x_wconf 90' lang='lat' dir='ltr'>atque</span> <span class='ocrx_word' id='word_1_108' title='bbox 1141 1274 1278 1363; x_wconf 86' lang='lat' dir='ltr'>[v]olens</span> <span class='ocrx_word' id='word_1_109' title='bbox 1299 1279 1428 1341; x_wconf 88' lang='lat' dir='ltr'>utilitati</span> <span class='ocrx_word' id='word_1_110' title='bbox 1444 1281 1629 1342; x_wconf 91' lang='lat' dir='ltr'>monasterii</span> <span class='ocrx_word' id='word_1_111' title='bbox 1646 1281 1826 1361; x_wconf 92' lang='lat' dir='ltr'>providere,</span> 
     </span>
     <span class='ocr_line' id='line_1_12' title="bbox 156 1368 1827 1456; baseline -0.004 -17"><span class='ocrx_word' id='word_1_112' title='bbox 156 1379 185 1438; x_wconf 91' lang='lat' dir='ltr'>in</span> <span class='ocrx_word' id='word_1_113' title='bbox 210 1376 294 1438; x_wconf 89' lang='lat' dir='ltr'>duas</span> <span class='ocrx_word' id='word_1_114' title='bbox 319 1385 429 1456; x_wconf 90' lang='lat' dir='ltr'>partes</span> <span class='ocrx_word' id='word_1_115' title='bbox 451 1393 520 1435; x_wconf 94' lang='lat' dir='ltr'>rem</span> <span class='ocrx_word' id='word_1_116' title='bbox 544 1372 706 1452; x_wconf 86' lang='lat' dir='ltr'>litigosam</span> <span class='ocrx_word' id='word_1_117' title='bbox 723 1391 784 1452; x_wconf 95' lang='lat' dir='ltr'>pro</span> <span class='ocrx_word' id='word_1_118' title='bbox 800 1372 891 1452; x_wconf 88' lang='lat' dir='ltr'>pacis</span> <span class='ocrx_word' id='word_1_119' title='bbox 907 1370 998 1432; x_wconf 92' lang='lat' dir='ltr'>bono</span> <span class='ocrx_word' id='word_1_120' title='bbox 1014 1369 1123 1431; x_wconf 93' lang='lat' dir='ltr'>divisit</span> <span class='ocrx_word' id='word_1_121' title='bbox 1140 1368 1173 1452; x_wconf 71' lang='lat'>⁸),</span> <span class='ocrx_word' id='word_1_122' title='bbox 1199 1388 1297 1449; x_wconf 91' lang='lat' dir='ltr'>quam</span> <span class='ocrx_word' id='word_1_123' title='bbox 1313 1378 1390 1449; x_wconf 92' lang='lat' dir='ltr'>post</span> <span class='ocrx_word' id='word_1_124' title='bbox 1406 1378 1535 1449; x_wconf 90' lang='lat' dir='ltr'>tempus</span> <span class='ocrx_word' id='word_1_125' title='bbox 1552 1370 1619 1431; x_wconf 92' lang='lat' dir='ltr'>eius</span> <span class='ocrx_word' id='word_1_126' title='bbox 1635 1371 1827 1433; x_wconf 90' lang='lat' dir='ltr'>divisionem</span> 
     </span>
     <span class='ocr_line' id='line_1_13' title="bbox 155 1454 1828 1546; baseline -0.003 -19"><span class='ocrx_word' id='word_1_127' title='bbox 155 1465 372 1546; x_wconf 89' lang='lat' dir='ltr'>predecessor</span> <span class='ocrx_word' id='word_1_128' title='bbox 394 1472 506 1524; x_wconf 88' lang='lat' dir='ltr'>noster</span> <span class='ocrx_word' id='word_1_129' title='bbox 527 1480 616 1541; x_wconf 88' lang='lat' dir='ltr'>papa</span> <span class='ocrx_word' id='word_1_130' title='bbox 630 1458 854 1522; x_wconf 78' lang='lat' dir='ltr'>ANASTASIUS</span> <span class='ocrx_word' id='word_1_131' title='bbox 873 1459 896 1543; x_wconf 86' lang='lat'>¹)</span> <span class='ocrx_word' id='word_1_132' title='bbox 921 1458 1132 1521; x_wconf 88' lang='lat' dir='ltr'>confirmavit.</span> <span class='ocrx_word' id='word_1_133' title='bbox 1177 1457 1422 1538; x_wconf 88' lang='lat' dir='ltr'>Subsequenter</span> <span class='ocrx_word' id='word_1_134' title='bbox 1440 1454 1468 1541; x_wconf 87' lang='lat' dir='ltr'>b)</span> <span class='ocrx_word' id='word_1_135' title='bbox 1492 1468 1600 1520; x_wconf 93' lang='lat' dir='ltr'>autem</span> <span class='ocrx_word' id='word_1_136' title='bbox 1624 1460 1828 1539; x_wconf 90' lang='lat' dir='ltr'>temporibus</span> 
     </span>
     <span class='ocr_line' id='line_1_14' title="bbox 155 1544 1828 1634; baseline -0.004 -18"><span class='ocrx_word' id='word_1_137' title='bbox 155 1555 274 1616; x_wconf 90' lang='lat' dir='ltr'>nostris</span> <span class='ocrx_word' id='word_1_138' title='bbox 299 1553 429 1634; x_wconf 81' lang='lat' dir='ltr'>prefato</span> <span class='ocrx_word' id='word_1_139' title='bbox 454 1551 575 1613; x_wconf 89' lang='lat' dir='ltr'>abbate</span> <span class='ocrx_word' id='word_1_140' title='bbox 598 1569 696 1629; x_wconf 90' lang='lat' dir='ltr'>super</span> <span class='ocrx_word' id='word_1_141' title='bbox 719 1550 835 1612; x_wconf 91' lang='lat' dir='ltr'>eadem</span> <span class='ocrx_word' id='word_1_142' title='bbox 863 1569 896 1610; x_wconf 92' lang='lat' dir='ltr'>re</span> <span class='ocrx_word' id='word_1_143' title='bbox 920 1549 952 1609; x_wconf 93' lang='lat' dir='ltr'>in</span> <span class='ocrx_word' id='word_1_144' title='bbox 976 1547 1142 1609; x_wconf 90' lang='lat' dir='ltr'>audientia</span> <span class='ocrx_word' id='word_1_145' title='bbox 1166 1556 1275 1608; x_wconf 91' lang='lat' dir='ltr'>nostra</span> <span class='ocrx_word' id='word_1_146' title='bbox 1296 1544 1322 1631; x_wconf 88' lang='lat' dir='ltr'>c)</span> <span class='ocrx_word' id='word_1_147' title='bbox 1347 1547 1534 1627; x_wconf 89' lang='lat' dir='ltr'>deponente</span> <span class='ocrx_word' id='word_1_148' title='bbox 1565 1547 1729 1628; x_wconf 90' lang='lat' dir='ltr'>querelam</span> <span class='ocrx_word' id='word_1_149' title='bbox 1753 1558 1828 1610; x_wconf 90' lang='lat' dir='ltr'>eta</span> 
     </span>
     <span class='ocr_line' id='line_1_15' title="bbox 155 1636 1828 1724; baseline -0.003 -20"><span class='ocrx_word' id='word_1_150' title='bbox 155 1644 307 1724; x_wconf 91' lang='lat' dir='ltr'>predicto</span> <span class='ocrx_word' id='word_1_151' title='bbox 339 1641 571 1722; x_wconf 90' lang='lat' dir='ltr'>predecessore</span> <span class='ocrx_word' id='word_1_152' title='bbox 590 1637 619 1722; x_wconf 85' lang='lat' dir='ltr'>d)</span> <span class='ocrx_word' id='word_1_153' title='bbox 642 1659 730 1720; x_wconf 91' lang='lat' dir='ltr'>pape</span> <span class='ocrx_word' id='word_1_154' title='bbox 753 1639 919 1700; x_wconf 79' lang='lat' dir='ltr'>EUGENIO</span> <span class='ocrx_word' id='word_1_155' title='bbox 943 1657 978 1699; x_wconf 91' lang='lat' dir='ltr'>se</span> <span class='ocrx_word' id='word_1_156' title='bbox 1009 1646 1214 1698; x_wconf 90' lang='lat' dir='ltr'>asseverante</span> <span class='ocrx_word' id='word_1_157' title='bbox 1236 1646 1406 1715; x_wconf 86' lang='lat' dir='ltr'>gravatum</span> <span class='ocrx_word' id='word_1_158' title='bbox 1436 1646 1468 1698; x_wconf 91' lang='lat' dir='ltr'>et</span> <span class='ocrx_word' id='word_1_159' title='bbox 1500 1636 1638 1698; x_wconf 89' lang='lat' dir='ltr'>vobisc</span> <span class='ocrx_word' id='word_1_160' title='bbox 1665 1639 1828 1700; x_wconf 89' lang='lat' dir='ltr'>contrario</span> 
     </span>
     <span class='ocr_line' id='line_1_16' title="bbox 155 1725 1828 1813; baseline -0.003 -19"><span class='ocrx_word' id='word_1_161' title='bbox 155 1743 282 1813; x_wconf 87' lang='lat' dir='ltr'>partem</span> <span class='ocrx_word' id='word_1_162' title='bbox 307 1741 450 1793; x_wconf 92' lang='lat' dir='ltr'>vestram</span> <span class='ocrx_word' id='word_1_163' title='bbox 473 1727 712 1791; x_wconf 85' lang='lat' dir='ltr'>affirmantibus</span> <span class='ocrx_word' id='word_1_164' title='bbox 735 1736 944 1808; x_wconf 84' lang='lat' dir='ltr'>aggravatam</span> <span class='ocrx_word' id='word_1_165' title='bbox 977 1735 1010 1788; x_wconf 92' lang='lat' dir='ltr'>et</span> <span class='ocrx_word' id='word_1_166' title='bbox 1042 1744 1109 1787; x_wconf 94' lang='lat' dir='ltr'>rem</span> <span class='ocrx_word' id='word_1_167' title='bbox 1140 1725 1253 1786; x_wconf 92' lang='lat' dir='ltr'>iuditio</span> <span class='ocrx_word' id='word_1_168' title='bbox 1283 1725 1525 1805; x_wconf 89' lang='lat' dir='ltr'>postulantibus</span> <span class='ocrx_word' id='word_1_169' title='bbox 1556 1725 1696 1802; x_wconf 81' lang='lat' dir='ltr'>diffiniri,</span> <span class='ocrx_word' id='word_1_170' title='bbox 1720 1747 1781 1789; x_wconf 93' lang='lat' dir='ltr'>nos</span> <span class='ocrx_word' id='word_1_171' title='bbox 1801 1725 1828 1809; x_wconf 68' lang='grc' dir='ltr'>ο)</span> 
     </span>
     <span class='ocr_line' id='line_1_17' title="bbox 156 1813 1828 1901; baseline -0.004 -18"><span class='ocrx_word' id='word_1_172' title='bbox 156 1840 284 1883; x_wconf 89' lang='lat' dir='ltr'>causam</span> <span class='ocrx_word' id='word_1_173' title='bbox 303 1821 411 1901; x_wconf 89' lang='lat' dir='ltr'>ipsam</span> <span class='ocrx_word' id='word_1_174' title='bbox 428 1818 469 1879; x_wconf 90' lang='lat' dir='ltr'>de</span> <span class='ocrx_word' id='word_1_175' title='bbox 485 1817 633 1898; x_wconf 89' lang='lat' dir='ltr'>predicta</span> <span class='ocrx_word' id='word_1_176' title='bbox 648 1826 749 1897; x_wconf 87' lang='lat' dir='ltr'>parte,</span> <span class='ocrx_word' id='word_1_177' title='bbox 775 1836 872 1897; x_wconf 90' lang='lat' dir='ltr'>quam</span> <span class='ocrx_word' id='word_1_178' title='bbox 889 1814 1041 1877; x_wconf 91' lang='lat' dir='ltr'>monachi</span> <span class='ocrx_word' id='word_1_179' title='bbox 1058 1814 1215 1876; x_wconf 91' lang='lat' dir='ltr'>tenebant</span> <span class='ocrx_word' id='word_1_180' title='bbox 1230 1824 1263 1875; x_wconf 93' lang='lat' dir='ltr'>et</span> <span class='ocrx_word' id='word_1_181' title='bbox 1278 1835 1337 1876; x_wconf 92' lang='lat' dir='ltr'>vos</span> <span class='ocrx_word' id='word_1_182' title='bbox 1353 1813 1524 1895; x_wconf 89' lang='lat' dir='ltr'>petebatis,</span> <span class='ocrx_word' id='word_1_183' title='bbox 1540 1815 1780 1878; x_wconf 91' lang='lat' dir='ltr'>venerabilibus</span> <span class='ocrx_word' id='word_1_184' title='bbox 1800 1816 1828 1894; x_wconf 84' lang='lat' dir='ltr'>s)</span> 
     </span>
     <span class='ocr_line' id='line_1_18' title="bbox 157 1900 1829 1989; baseline -0.003 -17"><span class='ocrx_word' id='word_1_185' title='bbox 157 1909 309 1972; x_wconf 78' lang='lat' dir='ltr'>iratribus</span> <span class='ocrx_word' id='word_1_186' title='bbox 349 1907 469 1970; x_wconf 87' lang='lat' dir='ltr'>nostris</span> <span class='ocrx_word' id='word_1_187' title='bbox 506 1902 682 1989; x_wconf 84' lang='lat' dir='ltr'>.R(anerio)</span> <span class='ocrx_word' id='word_1_188' title='bbox 715 1905 849 1968; x_wconf 89' lang='lat' dir='ltr'>Senensi</span> <span class='ocrx_word' id='word_1_189' title='bbox 883 1916 915 1967; x_wconf 91' lang='lat' dir='ltr'>et</span> <span class='ocrx_word' id='word_1_190' title='bbox 947 1900 1140 1986; x_wconf 83' lang='lat' dir='ltr'>.G(regorio)</span> <span class='ocrx_word' id='word_1_191' title='bbox 1181 1903 1316 1965; x_wconf 93' lang='lat' dir='ltr'>Lucano</span> <span class='ocrx_word' id='word_1_192' title='bbox 1356 1904 1520 1984; x_wconf 91' lang='lat' dir='ltr'>episcopis</span> <span class='ocrx_word' id='word_1_193' title='bbox 1548 1901 1573 1986; x_wconf 72' lang='lat'>³)</span> <span class='ocrx_word' id='word_1_194' title='bbox 1608 1905 1829 1967; x_wconf 90' lang='lat' dir='ltr'>commisimus</span> 
     </span>
     <span class='ocr_line' id='line_1_19' title="bbox 157 1992 1828 2081; baseline -0.003 -20"><span class='ocrx_word' id='word_1_195' title='bbox 157 1992 431 2081; x_wconf 84' lang='lat' dir='ltr'>terminand[a]m.</span> <span class='ocrx_word' id='word_1_196' title='bbox 478 1994 551 2076; x_wconf 86' lang='lat' dir='ltr'>Qui,</span> <span class='ocrx_word' id='word_1_197' title='bbox 576 1995 808 2056; x_wconf 89' lang='lat' dir='ltr'>convenientes</span> <span class='ocrx_word' id='word_1_198' title='bbox 832 1995 863 2055; x_wconf 94' lang='lat' dir='ltr'>in</span> <span class='ocrx_word' id='word_1_199' title='bbox 888 2013 996 2067; x_wconf 89' lang='lat' dir='ltr'>unum,</span> <span class='ocrx_word' id='word_1_200' title='bbox 1021 2003 1089 2078; x_wconf 81' lang='lat' dir='ltr'>tam</span> <span class='ocrx_word' id='word_1_201' title='bbox 1112 2013 1181 2064; x_wconf 91' lang='lat' dir='ltr'>vos,</span> <span class='ocrx_word' id='word_1_202' title='bbox 1205 2012 1303 2073; x_wconf 89' lang='lat' dir='ltr'>quam</span> <span class='ocrx_word' id='word_1_203' title='bbox 1327 1992 1550 2071; x_wconf 91' lang='lat' dir='ltr'>supradictum</span> <span class='ocrx_word' id='word_1_204' title='bbox 1574 1992 1729 2056; x_wconf 92' lang='lat' dir='ltr'>abbatem</span> <span class='ocrx_word' id='word_1_205' title='bbox 1753 2002 1828 2056; x_wconf 91' lang='lat' dir='ltr'>ante</span> 
     </span>
     <span class='ocr_line' id='line_1_20' title="bbox 157 2081 1830 2168; baseline -0.004 -18"><span class='ocrx_word' id='word_1_206' title='bbox 157 2108 244 2150; x_wconf 87' lang='lat' dir='ltr'>suam</span> <span class='ocrx_word' id='word_1_207' title='bbox 269 2086 471 2168; x_wconf 90' lang='lat' dir='ltr'>presentiam</span> <span class='ocrx_word' id='word_1_208' title='bbox 495 2093 725 2145; x_wconf 90' lang='lat' dir='ltr'>convocarunt.</span> <span class='ocrx_word' id='word_1_209' title='bbox 770 2083 858 2146; x_wconf 90' lang='lat' dir='ltr'>Visis</span> <span class='ocrx_word' id='word_1_210' title='bbox 881 2093 990 2145; x_wconf 93' lang='lat' dir='ltr'>autem</span> <span class='ocrx_word' id='word_1_211' title='bbox 1014 2082 1155 2162; x_wconf 90' lang='lat' dir='ltr'>partium</span> <span class='ocrx_word' id='word_1_212' title='bbox 1180 2081 1399 2143; x_wconf 89' lang='lat' dir='ltr'>instrumentis</span> <span class='ocrx_word' id='word_1_213' title='bbox 1427 2091 1460 2142; x_wconf 93' lang='lat' dir='ltr'>et</span> <span class='ocrx_word' id='word_1_214' title='bbox 1491 2081 1628 2144; x_wconf 92' lang='lat' dir='ltr'>testibus</span> <span class='ocrx_word' id='word_1_215' title='bbox 1659 2082 1830 2163; x_wconf 87' lang='lat' dir='ltr'>diligenter</span> 
     </span>
     <span class='ocr_line' id='line_1_21' title="bbox 159 2165 1830 2258; baseline -0.003 -19"><span class='ocrx_word' id='word_1_216' title='bbox 159 2176 354 2239; x_wconf 87' lang='lat' dir='ltr'>examinatis</span> <span class='ocrx_word' id='word_1_217' title='bbox 378 2185 476 2254; x_wconf 91' lang='lat' dir='ltr'>atque</span> <span class='ocrx_word' id='word_1_218' title='bbox 508 2173 667 2254; x_wconf 89' lang='lat' dir='ltr'>susceptis</span> <span class='ocrx_word' id='word_1_219' title='bbox 691 2183 723 2235; x_wconf 93' lang='lat' dir='ltr'>et</span> <span class='ocrx_word' id='word_1_220' title='bbox 747 2173 879 2247; x_wconf 90' lang='lat' dir='ltr'>cunctis,</span> <span class='ocrx_word' id='word_1_221' title='bbox 904 2192 967 2258; x_wconf 71' lang='lat' dir='ltr'>que</span> <span class='ocrx_word' id='word_1_222' title='bbox 997 2171 1039 2232; x_wconf 94' lang='lat' dir='ltr'>ad</span> <span class='ocrx_word' id='word_1_223' title='bbox 1063 2170 1261 2232; x_wconf 90' lang='lat' dir='ltr'>decisionem</span> <span class='ocrx_word' id='word_1_224' title='bbox 1286 2165 1407 2253; x_wconf 71' lang='lat' dir='ltr'>caluse]</span> <span class='ocrx_word' id='word_1_225' title='bbox 1431 2170 1612 2232; x_wconf 86' lang='lat' dir='ltr'>necessaria</span> <span class='ocrx_word' id='word_1_226' title='bbox 1635 2172 1830 2234; x_wconf 90' lang='lat' dir='ltr'>videbantur</span> 
     </span>
     <span class='ocr_line' id='line_1_22' title="bbox 159 2257 1830 2346; baseline -0.003 -18"><span class='ocrx_word' id='word_1_227' title='bbox 159 2287 199 2339; x_wconf 88' lang='lat' dir='ltr'>ea,</span> <span class='ocrx_word' id='word_1_228' title='bbox 224 2285 294 2346; x_wconf 94' lang='lat' dir='ltr'>qua</span> <span class='ocrx_word' id='word_1_229' title='bbox 311 2265 466 2346; x_wconf 91' lang='lat' dir='ltr'>oportuit,</span> <span class='ocrx_word' id='word_1_230' title='bbox 489 2261 668 2324; x_wconf 91' lang='lat' dir='ltr'>subtilitate</span> <span class='ocrx_word' id='word_1_231' title='bbox 692 2261 851 2336; x_wconf 89' lang='lat' dir='ltr'>discussis,</span> <span class='ocrx_word' id='word_1_232' title='bbox 876 2281 949 2323; x_wconf 90' lang='lat' dir='ltr'>curn</span> <span class='ocrx_word' id='word_1_233' title='bbox 973 2260 1106 2322; x_wconf 88' lang='lat' dir='ltr'>tandem</span> <span class='ocrx_word' id='word_1_234' title='bbox 1130 2259 1172 2322; x_wconf 92' lang='lat' dir='ltr'>ad</span> <span class='ocrx_word' id='word_1_235' title='bbox 1196 2257 1491 2340; x_wconf 84' lang='lat' dir='ltr'>promulgationem</span> <span class='ocrx_word' id='word_1_236' title='bbox 1514 2261 1673 2322; x_wconf 90' lang='lat' dir='ltr'>sententie</span> <span class='ocrx_word' id='word_1_237' title='bbox 1696 2273 1830 2323; x_wconf 92' lang='lat' dir='ltr'>ventum</span> 
     </span>
     <span class='ocr_line' id='line_1_23' title="bbox 160 2347 1829 2434; baseline -0.002 -17"><span class='ocrx_word' id='word_1_238' title='bbox 160 2366 248 2429; x_wconf 89' lang='lat' dir='ltr'>esset,</span> <span class='ocrx_word' id='word_1_239' title='bbox 274 2355 310 2416; x_wconf 94' lang='lat' dir='ltr'>in</span> <span class='ocrx_word' id='word_1_240' title='bbox 333 2352 443 2415; x_wconf 93' lang='lat' dir='ltr'>danda</span> <span class='ocrx_word' id='word_1_241' title='bbox 465 2351 627 2413; x_wconf 89' lang='lat' dir='ltr'>sententia</span> <span class='ocrx_word' id='word_1_242' title='bbox 650 2351 802 2412; x_wconf 89' lang='lat' dir='ltr'>unanime</span> <span class='ocrx_word' id='word_1_243' title='bbox 818 2358 1047 2412; x_wconf 88' lang='lat' dir='ltr'>convenerunt</span> <span class='ocrx_word' id='word_1_244' title='bbox 1086 2347 1256 2429; x_wconf 86' lang='lat' dir='ltr'>Quocirca,</span> <span class='ocrx_word' id='word_1_245' title='bbox 1279 2358 1414 2429; x_wconf 87' lang='lat' dir='ltr'>utraque</span> <span class='ocrx_word' id='word_1_246' title='bbox 1440 2358 1533 2429; x_wconf 90' lang='lat' dir='ltr'>parte</span> <span class='ocrx_word' id='word_1_247' title='bbox 1557 2356 1670 2411; x_wconf 90' lang='lat' dir='ltr'>nostro</span> <span class='ocrx_word' id='word_1_248' title='bbox 1688 2347 1717 2434; x_wconf 73' lang='grc' dir='ltr'>ε)</span> <span class='ocrx_word' id='word_1_249' title='bbox 1741 2361 1829 2431; x_wconf 93' lang='lat' dir='ltr'>post·</span> 
     </span>
     <span class='ocr_line' id='line_1_24' title="bbox 160 2438 1831 2523; baseline -0.002 -18"><span class='ocrx_word' id='word_1_250' title='bbox 160 2444 294 2506; x_wconf 93' lang='lat' dir='ltr'>modum</span> <span class='ocrx_word' id='word_1_251' title='bbox 328 2441 519 2523; x_wconf 89' lang='lat' dir='ltr'>conspectui</span> <span class='ocrx_word' id='word_1_252' title='bbox 551 2449 754 2521; x_wconf 86' lang='lat' dir='ltr'>presentata,</span> <span class='ocrx_word' id='word_1_253' title='bbox 793 2440 991 2501; x_wconf 90' lang='lat' dir='ltr'>discordiam</span> <span class='ocrx_word' id='word_1_254' title='bbox 1022 2438 1164 2499; x_wconf 93' lang='lat' dir='ltr'>iudicum</span> <span class='ocrx_word' id='word_1_255' title='bbox 1195 2447 1228 2500; x_wconf 90' lang='lat' dir='ltr'>et</span> <span class='ocrx_word' id='word_1_256' title='bbox 1260 2438 1374 2499; x_wconf 90' lang='lat' dir='ltr'>merita</span> <span class='ocrx_word' id='word_1_257' title='bbox 1403 2439 1505 2499; x_wconf 89' lang='lat' dir='ltr'>totius</span> <span class='ocrx_word' id='word_1_258' title='bbox 1536 2440 1756 2501; x_wconf 88' lang='lat' dir='ltr'>controversie</span> <span class='ocrx_word' id='word_1_259' title='bbox 1788 2461 1831 2502; x_wconf 89' lang='lat' dir='ltr'>ex</span> 
     </span>
     <span class='ocr_line' id='line_1_25' title="bbox 160 2523 1831 2614; baseline -0.003 -19"><span class='ocrx_word' id='word_1_260' title='bbox 160 2534 305 2614; x_wconf 90' lang='lat' dir='ltr'>ipsorum</span> <span class='ocrx_word' id='word_1_261' title='bbox 336 2531 465 2610; x_wconf 89' lang='lat' dir='ltr'>scriptis</span> <span class='ocrx_word' id='word_1_262' title='bbox 496 2540 529 2591; x_wconf 89' lang='lat' dir='ltr'>et</span> <span class='ocrx_word' id='word_1_263' title='bbox 560 2529 701 2609; x_wconf 90' lang='lat' dir='ltr'>partium</span> <span class='ocrx_word' id='word_1_264' title='bbox 732 2528 995 2591; x_wconf 88' lang='lat' dir='ltr'>attestationibus</span> <span class='ocrx_word' id='word_1_265' title='bbox 1026 2534 1058 2589; x_wconf 90' lang='lat' dir='ltr'>et</span> <span class='ocrx_word' id='word_1_266' title='bbox 1091 2527 1248 2589; x_wconf 91' lang='lat' dir='ltr'>relatione</span> <span class='ocrx_word' id='word_1_267' title='bbox 1280 2527 1493 2607; x_wconf 89' lang='lat' dir='ltr'>cognovimus</span> <span class='ocrx_word' id='word_1_268' title='bbox 1512 2523 1548 2609; x_wconf 79' lang='lat' dir='ltr'>h).</span> <span class='ocrx_word' id='word_1_269' title='bbox 1595 2527 1694 2590; x_wconf 91' lang='lat' dir='ltr'>Unde</span> <span class='ocrx_word' id='word_1_270' title='bbox 1723 2549 1783 2591; x_wconf 92' lang='lat' dir='ltr'>nos</span> <span class='ocrx_word' id='word_1_271' title='bbox 1803 2527 1831 2613; x_wconf 83' lang='lat' dir='ltr'>i)</span> 
     </span>
     <span class='ocr_line' id='line_1_26' title="bbox 160 2614 1830 2700; baseline -0.002 -16"><span class='ocrx_word' id='word_1_272' title='bbox 160 2623 301 2684; x_wconf 88' lang='lat' dir='ltr'>rationes</span> <span class='ocrx_word' id='word_1_273' title='bbox 324 2619 401 2682; x_wconf 91' lang='lat' dir='ltr'>hinc</span> <span class='ocrx_word' id='word_1_274' title='bbox 424 2619 499 2680; x_wconf 92' lang='lat' dir='ltr'>inde</span> <span class='ocrx_word' id='word_1_275' title='bbox 523 2617 684 2680; x_wconf 91' lang='lat' dir='ltr'>subtiliter</span> <span class='ocrx_word' id='word_1_276' title='bbox 707 2618 900 2699; x_wconf 86' lang='lat' dir='ltr'>indagantes</span> <span class='ocrx_word' id='word_1_277' title='bbox 918 2614 956 2700; x_wconf 78' lang='lat' dir='ltr'>k),</span> <span class='ocrx_word' id='word_1_278' title='bbox 986 2625 1022 2678; x_wconf 93' lang='lat' dir='ltr'>ut</span> <span class='ocrx_word' id='word_1_279' title='bbox 1045 2617 1197 2696; x_wconf 87' lang='lat' dir='ltr'>expensis</span> <span class='ocrx_word' id='word_1_280' title='bbox 1226 2617 1366 2696; x_wconf 91' lang='lat' dir='ltr'>partium</span> <span class='ocrx_word' id='word_1_281' title='bbox 1390 2625 1423 2677; x_wconf 91' lang='lat' dir='ltr'>et</span> <span class='ocrx_word' id='word_1_282' title='bbox 1447 2615 1613 2678; x_wconf 89' lang='lat' dir='ltr'>laboribus</span> <span class='ocrx_word' id='word_1_283' title='bbox 1636 2628 1830 2697; x_wconf 90' lang='lat' dir='ltr'>parceretur,</span> 
     </span>
     <span class='ocr_line' id='line_1_27' title="bbox 160 2702 1831 2792; baseline -0.002 -19"><span class='ocrx_word' id='word_1_284' title='bbox 160 2722 266 2792; x_wconf 90' lang='lat' dir='ltr'>partes</span> <span class='ocrx_word' id='word_1_285' title='bbox 304 2710 347 2771; x_wconf 90' lang='lat' dir='ltr'>de</span> <span class='ocrx_word' id='word_1_286' title='bbox 385 2702 650 2792; x_wconf 84' lang='lat' dir='ltr'>[com]positione</span> <span class='ocrx_word' id='word_1_287' title='bbox 689 2706 838 2768; x_wconf 85' lang='lat' dir='ltr'>iacienda</span> <span class='ocrx_word' id='word_1_288' title='bbox 868 2706 1052 2787; x_wconf 87' lang='lat' dir='ltr'>diligentius</span> <span class='ocrx_word' id='word_1_289' title='bbox 1083 2706 1263 2767; x_wconf 91' lang='lat' dir='ltr'>curavimus</span> <span class='ocrx_word' id='word_1_290' title='bbox 1294 2724 1483 2767; x_wconf 89' lang='lat' dir='ltr'>ammonere</span> <span class='ocrx_word' id='word_1_291' title='bbox 1501 2703 1539 2789; x_wconf 87' lang='lat' dir='ltr'>l).</span> <span class='ocrx_word' id='word_1_292' title='bbox 1595 2705 1659 2785; x_wconf 84' lang='lat' dir='ltr'>Qui</span> <span class='ocrx_word' id='word_1_293' title='bbox 1694 2707 1831 2769; x_wconf 89' lang='lat' dir='ltr'>consilio</span> 
     </span>
     <span class='ocr_line' id='line_1_28' title="bbox 161 2794 1831 2884; baseline -0.002 -22"><span class='ocrx_word' id='word_1_294' title='bbox 161 2795 414 2884; x_wconf 88' lang='lat' dir='ltr'>[am]monitioni</span> <span class='ocrx_word' id='word_1_295' title='bbox 437 2806 548 2858; x_wconf 91' lang='lat' dir='ltr'>nostre</span> <span class='ocrx_word' id='word_1_296' title='bbox 559 2806 597 2879; x_wconf 70' lang='grc' dir='ltr'>ιιι)</span> <span class='ocrx_word' id='word_1_297' title='bbox 621 2796 864 2876; x_wconf 90' lang='lat' dir='ltr'>acquiescentes</span> <span class='ocrx_word' id='word_1_298' title='bbox 893 2806 926 2857; x_wconf 94' lang='lat' dir='ltr'>et</span> <span class='ocrx_word' id='word_1_299' title='bbox 955 2794 1137 2857; x_wconf 88' lang='lat' dir='ltr'>voluntarie</span> <span class='ocrx_word' id='word_1_300' title='bbox 1168 2794 1373 2856; x_wconf 90' lang='lat' dir='ltr'>discedentes</span> <span class='ocrx_word' id='word_1_301' title='bbox 1404 2814 1424 2856; x_wconf 91' lang='lat' dir='ltr'>a</span> <span class='ocrx_word' id='word_1_302' title='bbox 1455 2794 1518 2869; x_wconf 90' lang='lat' dir='ltr'>lite,</span> <span class='ocrx_word' id='word_1_303' title='bbox 1552 2795 1651 2857; x_wconf 92' lang='lat' dir='ltr'>talem</span> <span class='ocrx_word' id='word_1_304' title='bbox 1684 2796 1768 2858; x_wconf 94' lang='lat' dir='ltr'>inter</span> <span class='ocrx_word' id='word_1_305' title='bbox 1796 2818 1831 2859; x_wconf 91' lang='lat' dir='ltr'>se</span> 
     </span>
     <span class='ocr_line' id='line_1_29' title="bbox 161 2881 1831 2968; baseline -0.002 -17"><span class='ocrx_word' id='word_1_306' title='bbox 161 2888 415 2950; x_wconf 83' lang='lat' dir='ltr'>transactionem</span> <span class='ocrx_word' id='word_1_307' title='bbox 438 2884 715 2966; x_wconf 88' lang='lat' dir='ltr'>concordiamque</span> <span class='ocrx_word' id='word_1_308' title='bbox 739 2885 770 2945; x_wconf 93' lang='lat' dir='ltr'>in</span> <span class='ocrx_word' id='word_1_309' title='bbox 794 2885 958 2964; x_wconf 89' lang='lat' dir='ltr'>presentia</span> <span class='ocrx_word' id='word_1_310' title='bbox 981 2881 1137 2968; x_wconf 80' lang='lat' dir='ltr'>nostran)</span> <span class='ocrx_word' id='word_1_311' title='bbox 1170 2894 1203 2945; x_wconf 91' lang='lat' dir='ltr'>et</span> <span class='ocrx_word' id='word_1_312' title='bbox 1226 2882 1358 2944; x_wconf 85' lang='lat' dir='ltr'>fratrum</span> <span class='ocrx_word' id='word_1_313' title='bbox 1382 2893 1580 2959; x_wconf 87' lang='lat' dir='ltr'>nostrorum,</span> <span class='ocrx_word' id='word_1_314' title='bbox 1612 2885 1831 2948; x_wconf 90' lang='lat' dir='ltr'>mediantibus</span> 
     </span>
     <span class='ocr_line' id='line_1_30' title="bbox 163 2972 1830 3061; baseline -0.001 -22"><span class='ocrx_word' id='word_1_315' title='bbox 163 2973 314 3061; x_wconf 75' lang='lat' dir='ltr'>dlile]ctis</span> <span class='ocrx_word' id='word_1_316' title='bbox 351 2975 424 3036; x_wconf 89' lang='lat' dir='ltr'>filiis</span> <span class='ocrx_word' id='word_1_317' title='bbox 462 2975 594 3049; x_wconf 92' lang='lat' dir='ltr'>nostris,</span> <span class='ocrx_word' id='word_1_318' title='bbox 629 2974 710 3036; x_wconf 92' lang='lat' dir='ltr'>Iulio</span> <span class='ocrx_word' id='word_1_319' title='bbox 729 2972 758 3056; x_wconf 85' lang='grc'>0)</span> <span class='ocrx_word' id='word_1_320' title='bbox 795 2974 843 3035; x_wconf 91' lang='lat' dir='ltr'>tit.</span> <span class='ocrx_word' id='word_1_321' title='bbox 882 2972 983 3035; x_wconf 90' lang='lat' dir='ltr'>sancti</span> <span class='ocrx_word' id='word_1_322' title='bbox 1015 2972 1177 3048; x_wconf 90' lang='lat' dir='ltr'>Marcelli,</span> <span class='ocrx_word' id='word_1_323' title='bbox 1218 2972 1385 3034; x_wconf 91' lang='lat' dir='ltr'>Bernardo</span> <span class='ocrx_word' id='word_1_324' title='bbox 1425 2973 1472 3034; x_wconf 92' lang='lat' dir='ltr'>tit.</span> <span class='ocrx_word' id='word_1_325' title='bbox 1510 2973 1613 3035; x_wconf 92' lang='lat' dir='ltr'>sancti</span> <span class='ocrx_word' id='word_1_326' title='bbox 1645 2972 1830 3050; x_wconf 68' lang='lat' dir='ltr'>Clementis</span> 
     </span>
     <span class='ocr_line' id='line_1_31' title="bbox 164 3059 1832 3147; baseline 0 -21"><span class='ocrx_word' id='word_1_327' title='bbox 164 3064 305 3128; x_wconf 91' lang='lat' dir='ltr'>Henrico</span> <span class='ocrx_word' id='word_1_328' title='bbox 325 3061 353 3147; x_wconf 88' lang='lat'>0)</span> <span class='ocrx_word' id='word_1_329' title='bbox 384 3064 430 3125; x_wconf 88' lang='lat' dir='ltr'>tit</span> <span class='ocrx_word' id='word_1_330' title='bbox 462 3073 648 3125; x_wconf 90' lang='lat' dir='ltr'>sanctorum</span> <span class='ocrx_word' id='word_1_331' title='bbox 678 3059 776 3125; x_wconf 90' lang='lat' dir='ltr'>Nerei</span> <span class='ocrx_word' id='word_1_332' title='bbox 809 3072 841 3124; x_wconf 93' lang='lat' dir='ltr'>et</span> <span class='ocrx_word' id='word_1_333' title='bbox 863 3061 1003 3124; x_wconf 88' lang='lat' dir='ltr'>Achillei</span> <span class='ocrx_word' id='word_1_334' title='bbox 1034 3071 1067 3123; x_wconf 95' lang='lat' dir='ltr'>et</span> <span class='ocrx_word' id='word_1_335' title='bbox 1099 3061 1244 3123; x_wconf 85' lang='lat' dir='ltr'>iohanne</span> <span class='ocrx_word' id='word_1_336' title='bbox 1262 3059 1292 3145; x_wconf 83' lang='grc' dir='ltr'>Ρ)</span> <span class='ocrx_word' id='word_1_337' title='bbox 1325 3062 1372 3123; x_wconf 95' lang='lat' dir='ltr'>tit.</span> <span class='ocrx_word' id='word_1_338' title='bbox 1403 3071 1590 3123; x_wconf 91' lang='lat' dir='ltr'>sanctorum</span> <span class='ocrx_word' id='word_1_339' title='bbox 1621 3062 1766 3126; x_wconf 88' lang='lat' dir='ltr'>Silvestri</span> <span class='ocrx_word' id='word_1_340' title='bbox 1800 3075 1832 3126; x_wconf 93' lang='lat' dir='ltr'>et</span> 
     </span>
     <span class='ocr_line' id='line_1_32' title="bbox 165 3149 1831 3233; baseline -0.001 -16"><span class='ocrx_word' id='word_1_341' title='bbox 165 3155 311 3228; x_wconf 90' lang='lat' dir='ltr'>llartini,</span> <span class='ocrx_word' id='word_1_342' title='bbox 351 3152 539 3233; x_wconf 90' lang='lat' dir='ltr'>presbiteris</span> <span class='ocrx_word' id='word_1_343' title='bbox 576 3151 811 3226; x_wconf 90' lang='lat' dir='ltr'>cardinalibus,</span> <span class='ocrx_word' id='word_1_344' title='bbox 850 3150 1002 3213; x_wconf 83' lang='lat' dir='ltr'>fecerunt.</span> <span class='ocrx_word' id='word_1_345' title='bbox 1059 3149 1140 3212; x_wconf 92' lang='lat' dir='ltr'>Cum</span> <span class='ocrx_word' id='word_1_346' title='bbox 1173 3151 1260 3212; x_wconf 91' lang='lat' dir='ltr'>enim</span> <span class='ocrx_word' id='word_1_347' title='bbox 1290 3157 1323 3212; x_wconf 90' lang='lat' dir='ltr'>et</span> <span class='ocrx_word' id='word_1_348' title='bbox 1353 3171 1413 3212; x_wconf 90' lang='lat' dir='ltr'>vos</span> <span class='ocrx_word' id='word_1_349' title='bbox 1445 3160 1550 3213; x_wconf 88' lang='lat' dir='ltr'>totam</span> <span class='ocrx_word' id='word_1_350' title='bbox 1581 3151 1670 3213; x_wconf 89' lang='lat' dir='ltr'>illam</span> <span class='ocrx_word' id='word_1_351' title='bbox 1703 3163 1831 3232; x_wconf 88' lang='lat' dir='ltr'>partem</span> 
     </span>
     <span class='ocr_line' id='line_1_33' title="bbox 164 3236 1830 3327; baseline 0.001 -24"><span class='ocrx_word' id='word_1_352' title='bbox 164 3243 281 3318; x_wconf 91' lang='lat' dir='ltr'>tumuli,</span> <span class='ocrx_word' id='word_1_353' title='bbox 308 3261 372 3324; x_wconf 92' lang='lat' dir='ltr'>que</span> <span class='ocrx_word' id='word_1_354' title='bbox 388 3250 438 3302; x_wconf 92' lang='lat' dir='ltr'>est</span> <span class='ocrx_word' id='word_1_355' title='bbox 453 3237 497 3325; x_wconf 80' lang='lat' dir='ltr'>(a)</span> <span class='ocrx_word' id='word_1_356' title='bbox 514 3240 602 3303; x_wconf 90' lang='lat' dir='ltr'>sossa</span> <span class='ocrx_word' id='word_1_357' title='bbox 616 3241 713 3302; x_wconf 91' lang='lat' dir='ltr'>Nova</span> <span class='ocrx_word' id='word_1_358' title='bbox 729 3260 831 3321; x_wconf 90' lang='lat' dir='ltr'>usque</span> <span class='ocrx_word' id='word_1_359' title='bbox 847 3239 889 3301; x_wconf 92' lang='lat' dir='ltr'>ad</span> <span class='ocrx_word' id='word_1_360' title='bbox 909 3239 1036 3301; x_wconf 89' lang='lat' dir='ltr'>Arnum</span> <span class='ocrx_word' id='word_1_361' title='bbox 1061 3249 1093 3301; x_wconf 91' lang='lat' dir='ltr'>et</span> <span class='ocrx_word' id='word_1_362' title='bbox 1109 3261 1128 3301; x_wconf 90' lang='lat' dir='ltr'>a</span> <span class='ocrx_word' id='word_1_363' title='bbox 1145 3239 1233 3301; x_wconf 80' lang='lat' dir='ltr'>fossa</span> <span class='ocrx_word' id='word_1_364' title='bbox 1248 3238 1332 3301; x_wconf 89' lang='lat' dir='ltr'>Cutii</span> <span class='ocrx_word' id='word_1_365' title='bbox 1357 3259 1460 3320; x_wconf 91' lang='lat' dir='ltr'>usque</span> <span class='ocrx_word' id='word_1_366' title='bbox 1483 3240 1525 3301; x_wconf 94' lang='lat' dir='ltr'>ad</span> <span class='ocrx_word' id='word_1_367' title='bbox 1542 3260 1639 3315; x_wconf 88' lang='lat' dir='ltr'>mare,</span> <span class='ocrx_word' id='word_1_368' title='bbox 1666 3236 1830 3327; x_wconf 74' lang='lat' dir='ltr'>[vestralm</span> 
     </span>
     <span class='ocr_line' id='line_1_34' title="bbox 166 3324 1832 3416; baseline 0 -22"><span class='ocrx_word' id='word_1_369' title='bbox 166 3353 229 3395; x_wconf 87' lang='lat' dir='ltr'>esse</span> <span class='ocrx_word' id='word_1_370' title='bbox 253 3326 492 3416; x_wconf 85' lang='lat' dir='ltr'>[affirmaretis]‚</span> <span class='ocrx_word' id='word_1_371' title='bbox 523 3341 556 3392; x_wconf 92' lang='lat' dir='ltr'>et</span> <span class='ocrx_word' id='word_1_372' title='bbox 587 3328 737 3391; x_wconf 88' lang='lat' dir='ltr'>monachi</span> <span class='ocrx_word' id='word_1_373' title='bbox 762 3349 780 3390; x_wconf 92' lang='lat' dir='ltr'>e</span> <span class='ocrx_word' id='word_1_374' title='bbox 803 3330 966 3391; x_wconf 92' lang='lat' dir='ltr'>contrario</span> <span class='ocrx_word' id='word_1_375' title='bbox 989 3338 1095 3390; x_wconf 91' lang='lat' dir='ltr'>totam</span> <span class='ocrx_word' id='word_1_376' title='bbox 1118 3348 1209 3390; x_wconf 90' lang='lat' dir='ltr'>suam</span> <span class='ocrx_word' id='word_1_377' title='bbox 1234 3347 1305 3390; x_wconf 90' lang='lat' dir='ltr'>esse</span> <span class='ocrx_word' id='word_1_378' title='bbox 1323 3324 1352 3411; x_wconf 77' lang='grc'>(1)</span> <span class='ocrx_word' id='word_1_379' title='bbox 1381 3329 1633 3405; x_wconf 90' lang='lat' dir='ltr'>contenderent,</span> <span class='ocrx_word' id='word_1_380' title='bbox 1667 3331 1751 3393; x_wconf 91' lang='lat' dir='ltr'>inter</span> <span class='ocrx_word' id='word_1_381' title='bbox 1772 3352 1832 3394; x_wconf 91' lang='lat' dir='ltr'>vos</span> 
     </span>
     <span class='ocr_line' id='line_1_35' title="bbox 167 3413 1833 3505; baseline -0.001 -21"><span class='ocrx_word' id='word_1_382' title='bbox 167 3433 193 3484; x_wconf 88' lang='lat' dir='ltr'>et</span> <span class='ocrx_word' id='word_1_383' title='bbox 215 3421 402 3502; x_wconf 92' lang='lat' dir='ltr'>predictum</span> <span class='ocrx_word' id='word_1_384' title='bbox 442 3420 545 3481; x_wconf 89' lang='lat' dir='ltr'>sancti</span> <span class='ocrx_word' id='word_1_385' title='bbox 576 3419 712 3480; x_wconf 88' lang='lat' dir='ltr'>Ruxorii</span> <span class='ocrx_word' id='word_1_386' title='bbox 745 3417 900 3480; x_wconf 88' lang='lat' dir='ltr'>abbatem</span> <span class='ocrx_word' id='word_1_387' title='bbox 932 3438 992 3498; x_wconf 93' lang='lat' dir='ltr'>pro</span> <span class='ocrx_word' id='word_1_388' title='bbox 1026 3438 1061 3479; x_wconf 93' lang='lat' dir='ltr'>se</span> <span class='ocrx_word' id='word_1_389' title='bbox 1092 3438 1130 3479; x_wconf 93' lang='lat' dir='ltr'>ac</span> <span class='ocrx_word' id='word_1_390' title='bbox 1169 3416 1320 3480; x_wconf 84' lang='lat' dir='ltr'>fratribus</span> <span class='ocrx_word' id='word_1_391' title='bbox 1362 3417 1462 3498; x_wconf 90' lang='lat' dir='ltr'>ipsius</span> <span class='ocrx_word' id='word_1_392' title='bbox 1501 3413 1752 3505; x_wconf 82' lang='lat' dir='ltr'>concord[iter?]</span> <span class='ocrx_word' id='word_1_393' title='bbox 1784 3431 1833 3483; x_wconf 90' lang='lat' dir='ltr'>est</span> 
     </span>
     <span class='ocr_line' id='line_1_36' title="bbox 167 3501 1832 3593; baseline 0.001 -22"><span class='ocrx_word' id='word_1_394' title='bbox 167 3521 327 3584; x_wconf 86' lang='lat' dir='ltr'>statutum,</span> <span class='ocrx_word' id='word_1_395' title='bbox 352 3503 409 3593; x_wconf 87' lang='lat' dir='ltr'>[ut]</span> <span class='ocrx_word' id='word_1_396' title='bbox 432 3508 664 3570; x_wconf 88' lang='lat' dir='ltr'>monasterium</span> <span class='ocrx_word' id='word_1_397' title='bbox 687 3507 790 3569; x_wconf 90' lang='lat' dir='ltr'>sancti</span> <span class='ocrx_word' id='word_1_398' title='bbox 814 3507 949 3569; x_wconf 88' lang='lat' dir='ltr'>Ruxorii</span> <span class='ocrx_word' id='word_1_399' title='bbox 973 3507 1134 3587; x_wconf 93' lang='lat' dir='ltr'>portionis</span> <span class='ocrx_word' id='word_1_400' title='bbox 1158 3506 1249 3580; x_wconf 91' lang='lat' dir='ltr'>illius,</span> <span class='ocrx_word' id='word_1_401' title='bbox 1274 3501 1397 3590; x_wconf 75' lang='lat' dir='ltr'>qlue(?)]</span> <span class='ocrx_word' id='word_1_402' title='bbox 1420 3508 1566 3588; x_wconf 92' lang='lat' dir='ltr'>superius</span> <span class='ocrx_word' id='word_1_403' title='bbox 1597 3519 1646 3570; x_wconf 89' lang='lat' dir='ltr'>est</span> <span class='ocrx_word' id='word_1_404' title='bbox 1670 3530 1832 3590; x_wconf 88' lang='lat' dir='ltr'>expressa,</span> 
     </span>
     <span class='ocr_line' id='line_1_37' title="bbox 167 3594 1833 3676; baseline 0.001 -16"><span class='ocrx_word' id='word_1_405' title='bbox 167 3599 315 3662; x_wconf 87' lang='lat' dir='ltr'>videlicet</span> <span class='ocrx_word' id='word_1_406' title='bbox 346 3618 366 3659; x_wconf 93' lang='lat' dir='ltr'>a</span> <span class='ocrx_word' id='word_1_407' title='bbox 398 3596 487 3659; x_wconf 90' lang='lat' dir='ltr'>sossa</span> <span class='ocrx_word' id='word_1_408' title='bbox 509 3597 606 3659; x_wconf 90' lang='lat' dir='ltr'>Nova</span> <span class='ocrx_word' id='word_1_409' title='bbox 643 3616 746 3676; x_wconf 90' lang='lat' dir='ltr'>usque</span> <span class='ocrx_word' id='word_1_410' title='bbox 777 3595 818 3658; x_wconf 94' lang='lat' dir='ltr'>ad</span> <span class='ocrx_word' id='word_1_411' title='bbox 848 3595 976 3657; x_wconf 88' lang='lat' dir='ltr'>Arnum</span> <span class='ocrx_word' id='word_1_412' title='bbox 1007 3606 1040 3657; x_wconf 93' lang='lat' dir='ltr'>et</span> <span class='ocrx_word' id='word_1_413' title='bbox 1070 3616 1089 3656; x_wconf 90' lang='lat' dir='ltr'>a</span> <span class='ocrx_word' id='word_1_414' title='bbox 1121 3595 1208 3657; x_wconf 81' lang='lat' dir='ltr'>fossa</span> <span class='ocrx_word' id='word_1_415' title='bbox 1240 3594 1323 3657; x_wconf 90' lang='lat' dir='ltr'>Cutii</span> <span class='ocrx_word' id='word_1_416' title='bbox 1355 3613 1457 3674; x_wconf 92' lang='lat' dir='ltr'>usque</span> <span class='ocrx_word' id='word_1_417' title='bbox 1497 3596 1539 3658; x_wconf 92' lang='lat' dir='ltr'>ad</span> <span class='ocrx_word' id='word_1_418' title='bbox 1572 3616 1660 3659; x_wconf 92' lang='lat' dir='ltr'>mare</span> <span class='ocrx_word' id='word_1_419' title='bbox 1691 3599 1833 3661; x_wconf 90' lang='lat' dir='ltr'>mediam</span> 
     </span>
     <span class='ocr_line' id='line_1_38' title="bbox 169 3685 1833 3768; baseline -0.001 -17"><span class='ocrx_word' id='word_1_420' title='bbox 169 3699 300 3768; x_wconf 87' lang='lat' dir='ltr'>partem,</span> <span class='ocrx_word' id='word_1_421' title='bbox 329 3687 362 3748; x_wconf 93' lang='lat' dir='ltr'>in</span> <span class='ocrx_word' id='word_1_422' title='bbox 388 3706 452 3766; x_wconf 90' lang='lat' dir='ltr'>qua</span> <span class='ocrx_word' id='word_1_423' title='bbox 475 3687 582 3767; x_wconf 90' lang='lat' dir='ltr'>ipsum</span> <span class='ocrx_word' id='word_1_424' title='bbox 606 3685 837 3748; x_wconf 91' lang='lat' dir='ltr'>monasterium</span> <span class='ocrx_word' id='word_1_425' title='bbox 861 3686 958 3747; x_wconf 93' lang='lat' dir='ltr'>situm</span> <span class='ocrx_word' id='word_1_426' title='bbox 982 3694 1039 3759; x_wconf 91' lang='lat' dir='ltr'>est,</span> <span class='ocrx_word' id='word_1_427' title='bbox 1072 3685 1140 3746; x_wconf 92' lang='lat' dir='ltr'>iure</span> <span class='ocrx_word' id='word_1_428' title='bbox 1162 3685 1371 3765; x_wconf 90' lang='lat' dir='ltr'>proprietatis</span> <span class='ocrx_word' id='word_1_429' title='bbox 1396 3685 1553 3758; x_wconf 86' lang='lat' dir='ltr'>obtineat,</span> <span class='ocrx_word' id='word_1_430' title='bbox 1585 3707 1645 3767; x_wconf 93' lang='lat' dir='ltr'>pro</span> <span class='ocrx_word' id='word_1_431' title='bbox 1670 3687 1734 3748; x_wconf 93' lang='lat' dir='ltr'>alia</span> <span class='ocrx_word' id='word_1_432' title='bbox 1754 3709 1833 3750; x_wconf 91' lang='lat' dir='ltr'>vero</span> 
     </span>
     <span class='ocr_line' id='line_1_39' title="bbox 170 3768 1834 3858; baseline 0 -18"><span class='ocrx_word' id='word_1_433' title='bbox 170 3779 352 3849; x_wconf 89' lang='lat' dir='ltr'>medietate,</span> <span class='ocrx_word' id='word_1_434' title='bbox 376 3776 465 3837; x_wconf 92' lang='lat' dir='ltr'>cuius</span> <span class='ocrx_word' id='word_1_435' title='bbox 480 3775 664 3856; x_wconf 89' lang='lat' dir='ltr'>proprietas</span> <span class='ocrx_word' id='word_1_436' title='bbox 681 3773 722 3835; x_wconf 88' lang='lat' dir='ltr'>ad</span> <span class='ocrx_word' id='word_1_437' title='bbox 738 3794 798 3836; x_wconf 94' lang='lat' dir='ltr'>vos</span> <span class='ocrx_word' id='word_1_438' title='bbox 815 3768 988 3858; x_wconf 90' lang='lat' dir='ltr'>[perti]net,</span> <span class='ocrx_word' id='word_1_439' title='bbox 1014 3793 1113 3854; x_wconf 91' lang='lat' dir='ltr'>quam</span> <span class='ocrx_word' id='word_1_440' title='bbox 1129 3773 1233 3835; x_wconf 91' lang='lat' dir='ltr'>abbas</span> <span class='ocrx_word' id='word_1_441' title='bbox 1250 3783 1283 3835; x_wconf 93' lang='lat' dir='ltr'>et</span> <span class='ocrx_word' id='word_1_442' title='bbox 1302 3774 1454 3835; x_wconf 93' lang='lat' dir='ltr'>monachi</span> <span class='ocrx_word' id='word_1_443' title='bbox 1479 3795 1499 3835; x_wconf 89' lang='lat' dir='ltr'>a</span> <span class='ocrx_word' id='word_1_444' title='bbox 1514 3775 1609 3838; x_wconf 91' lang='lat' dir='ltr'>vobis</span> <span class='ocrx_word' id='word_1_445' title='bbox 1636 3777 1834 3857; x_wconf 87' lang='lat' dir='ltr'>accipientes</span> 
     </span>
     <span class='ocr_line' id='line_1_40' title="bbox 170 3862 1833 3947; baseline 0.001 -20"><span class='ocrx_word' id='word_1_446' title='bbox 170 3873 419 3947; x_wconf 87' lang='lat' dir='ltr'>recognoscunt,</span> <span class='ocrx_word' id='word_1_447' title='bbox 450 3864 564 3945; x_wconf 85' lang='lat' dir='ltr'>viginti</span> <span class='ocrx_word' id='word_1_448' title='bbox 601 3863 696 3925; x_wconf 90' lang='lat' dir='ltr'>solidi</span> <span class='ocrx_word' id='word_1_449' title='bbox 727 3862 884 3924; x_wconf 89' lang='lat' dir='ltr'>Lucensis</span> <span class='ocrx_word' id='word_1_450' title='bbox 919 3871 1051 3924; x_wconf 91' lang='lat' dir='ltr'>monete</span> <span class='ocrx_word' id='word_1_451' title='bbox 1089 3872 1121 3924; x_wconf 92' lang='lat' dir='ltr'>et</span> <span class='ocrx_word' id='word_1_452' title='bbox 1160 3882 1259 3924; x_wconf 90' lang='lat' dir='ltr'>unum</span> <span class='ocrx_word' id='word_1_453' title='bbox 1292 3882 1420 3925; x_wconf 90' lang='lat' dir='ltr'>cereum</span> <span class='ocrx_word' id='word_1_454' title='bbox 1452 3862 1587 3925; x_wconf 88' lang='lat' dir='ltr'>duarum</span> <span class='ocrx_word' id='word_1_455' title='bbox 1618 3864 1771 3928; x_wconf 88' lang='lat' dir='ltr'>librarum</span> <span class='ocrx_word' id='word_1_456' title='bbox 1801 3867 1833 3929; x_wconf 92' lang='lat' dir='ltr'>in</span> 
     </span>
     <span class='ocr_line' id='line_1_41' title="bbox 170 3950 1834 4035; baseline 0 -17"><span class='ocrx_word' id='word_1_457' title='bbox 170 3954 389 4035; x_wconf 86' lang='lat' dir='ltr'>assumptione</span> <span class='ocrx_word' id='word_1_458' title='bbox 419 3953 517 4015; x_wconf 92' lang='lat' dir='ltr'>beate</span> <span class='ocrx_word' id='word_1_459' title='bbox 547 3950 666 4012; x_wconf 81' lang='lat' dir='ltr'><strong>MARIE</strong></span> <span class='ocrx_word' id='word_1_460' title='bbox 698 3951 793 4013; x_wconf 89' lang='lat' dir='ltr'>vobis</span> <span class='ocrx_word' id='word_1_461' title='bbox 824 3952 1004 4032; x_wconf 89' lang='lat' dir='ltr'>vestrisque</span> <span class='ocrx_word' id='word_1_462' title='bbox 1034 3952 1274 4013; x_wconf 89' lang='lat' dir='ltr'>successoribus</span> <span class='ocrx_word' id='word_1_463' title='bbox 1304 3952 1470 4014; x_wconf 89' lang='lat' dir='ltr'>annuatim</span> <span class='ocrx_word' id='word_1_464' title='bbox 1504 3953 1691 4030; x_wconf 88' lang='lat' dir='ltr'>exsolvant,</span> <span class='ocrx_word' id='word_1_465' title='bbox 1729 3965 1762 4017; x_wconf 94' lang='lat' dir='ltr'>et</span> <span class='ocrx_word' id='word_1_466' title='bbox 1793 3956 1834 4017; x_wconf 93' lang='lat' dir='ltr'>de</span> 
     </span>
     <span class='ocr_line' id='line_1_42' title="bbox 170 4039 1835 4126; baseline 0.001 -20"><span class='ocrx_word' id='word_1_467' title='bbox 170 4045 288 4126; x_wconf 90' lang='lat' dir='ltr'>reliqua</span> <span class='ocrx_word' id='word_1_468' title='bbox 310 4053 414 4124; x_wconf 90' lang='lat' dir='ltr'>parte,</span> <span class='ocrx_word' id='word_1_469' title='bbox 439 4061 502 4122; x_wconf 93' lang='lat' dir='ltr'>que</span> <span class='ocrx_word' id='word_1_470' title='bbox 525 4052 574 4104; x_wconf 91' lang='lat' dir='ltr'>est</span> <span class='ocrx_word' id='word_1_471' title='bbox 597 4062 617 4103; x_wconf 94' lang='lat' dir='ltr'>a</span> <span class='ocrx_word' id='word_1_472' title='bbox 640 4041 727 4103; x_wconf 80' lang='lat' dir='ltr'>fossa</span> <span class='ocrx_word' id='word_1_473' title='bbox 749 4039 873 4104; x_wconf 88' lang='lat' dir='ltr'>Salaria</span> <span class='ocrx_word' id='word_1_474' title='bbox 895 4060 997 4120; x_wconf 92' lang='lat' dir='ltr'>usque</span> <span class='ocrx_word' id='word_1_475' title='bbox 1021 4040 1062 4101; x_wconf 91' lang='lat' dir='ltr'>ad</span> <span class='ocrx_word' id='word_1_476' title='bbox 1088 4040 1209 4103; x_wconf 83' lang='lat' dir='ltr'>fossam</span> <span class='ocrx_word' id='word_1_477' title='bbox 1232 4041 1371 4115; x_wconf 89' lang='lat' dir='ltr'>Novam,</span> <span class='ocrx_word' id='word_1_478' title='bbox 1402 4041 1523 4103; x_wconf 93' lang='lat' dir='ltr'>nullam</span> <span class='ocrx_word' id='word_1_479' title='bbox 1554 4053 1667 4105; x_wconf 91' lang='lat' dir='ltr'>contra</span> <span class='ocrx_word' id='word_1_480' title='bbox 1689 4064 1749 4106; x_wconf 92' lang='lat' dir='ltr'>vos</span> <span class='ocrx_word' id='word_1_481' title='bbox 1780 4054 1835 4108; x_wconf 89' lang='lat' dir='ltr'>aut</span> 
     </span>
     <span class='ocr_line' id='line_1_43' title="bbox 170 4128 1834 4220; baseline 0.001 -25"><span class='ocrx_word' id='word_1_482' title='bbox 170 4150 369 4196; x_wconf 86' lang='lat' dir='ltr'>successores</span> <span class='ocrx_word' id='word_1_483' title='bbox 398 4141 524 4193; x_wconf 91' lang='lat' dir='ltr'>vestros</span> <span class='ocrx_word' id='word_1_484' title='bbox 557 4140 712 4193; x_wconf 88' lang='lat' dir='ltr'>moveant</span> <span class='ocrx_word' id='word_1_485' title='bbox 743 4129 875 4191; x_wconf 90' lang='lat' dir='ltr'>ulterius</span> <span class='ocrx_word' id='word_1_486' title='bbox 911 4130 1122 4210; x_wconf 92' lang='lat' dir='ltr'>questionem.</span> <span class='ocrx_word' id='word_1_487' title='bbox 1169 4128 1393 4192; x_wconf 88' lang='lat' dir='ltr'>Instrumentis</span> <span class='ocrx_word' id='word_1_488' title='bbox 1424 4140 1533 4192; x_wconf 90' lang='lat' dir='ltr'>autem</span> <span class='ocrx_word' id='word_1_489' title='bbox 1564 4133 1733 4209; x_wconf 90' lang='lat' dir='ltr'>omnibus,</span> <span class='ocrx_word' id='word_1_490' title='bbox 1771 4154 1834 4220; x_wconf 72' lang='lat' dir='ltr'>que</span> 
     </span>
     <span class='ocr_line' id='line_1_44' title="bbox 171 4213 1835 4304; baseline 0.001 -19"><span class='ocrx_word' id='word_1_491' title='bbox 171 4242 224 4303; x_wconf 89' lang='lat' dir='ltr'>pro</span> <span class='ocrx_word' id='word_1_492' title='bbox 247 4221 404 4284; x_wconf 91' lang='lat' dir='ltr'>alterutra</span> <span class='ocrx_word' id='word_1_493' title='bbox 421 4217 450 4303; x_wconf 82' lang='lat' dir='ltr'>r)</span> <span class='ocrx_word' id='word_1_494' title='bbox 473 4229 566 4301; x_wconf 89' lang='lat' dir='ltr'>parte</span> <span class='ocrx_word' id='word_1_495' title='bbox 591 4225 861 4301; x_wconf 89' lang='lat' dir='ltr'>comparaverunt</span> <span class='ocrx_word' id='word_1_496' title='bbox 883 4218 934 4280; x_wconf 94' lang='lat' dir='ltr'>vel</span> <span class='ocrx_word' id='word_1_497' title='bbox 958 4213 1176 4302; x_wconf 81' lang='lat' dir='ltr'>processu(m&gt;</span> <span class='ocrx_word' id='word_1_498' title='bbox 1206 4221 1362 4300; x_wconf 91' lang='lat' dir='ltr'>temporis</span> <span class='ocrx_word' id='word_1_499' title='bbox 1386 4220 1632 4301; x_wconf 90' lang='lat' dir='ltr'>comparebunt,</span> <span class='ocrx_word' id='word_1_500' title='bbox 1657 4242 1718 4303; x_wconf 93' lang='lat' dir='ltr'>pro</span> <span class='ocrx_word' id='word_1_501' title='bbox 1741 4234 1835 4304; x_wconf 87' lang='lat' dir='ltr'>parte</span> 
     </span>
     <span class='ocr_line' id='line_1_45' title="bbox 172 4304 1834 4392; baseline 0.002 -20"><span class='ocrx_word' id='word_1_502' title='bbox 172 4312 288 4374; x_wconf 90' lang='lat' dir='ltr'>scilicet</span> <span class='ocrx_word' id='word_1_503' title='bbox 321 4308 558 4371; x_wconf 92' lang='lat' dir='ltr'>monachorum</span> <span class='ocrx_word' id='word_1_504' title='bbox 588 4307 726 4370; x_wconf 91' lang='lat' dir='ltr'>Zenobii</span> <span class='ocrx_word' id='word_1_505' title='bbox 742 4305 768 4392; x_wconf 60' lang='grc' dir='ltr'>ι)</span> <span class='ocrx_word' id='word_1_506' title='bbox 798 4318 831 4369; x_wconf 93' lang='lat' dir='ltr'>et</span> <span class='ocrx_word' id='word_1_507' title='bbox 858 4304 1018 4392; x_wconf 70' lang='lat' dir='ltr'>Attonils)</span> <span class='ocrx_word' id='word_1_508' title='bbox 1035 4304 1068 4391; x_wconf 78' lang='lat'>⁵),</span> <span class='ocrx_word' id='word_1_509' title='bbox 1100 4309 1291 4370; x_wconf 90' lang='lat' dir='ltr'>Pisanorum</span> <span class='ocrx_word' id='word_1_510' title='bbox 1315 4309 1483 4389; x_wconf 93' lang='lat' dir='ltr'>quondam</span> <span class='ocrx_word' id='word_1_511' title='bbox 1514 4311 1762 4391; x_wconf 92' lang='lat' dir='ltr'>episcoporum,</span> <span class='ocrx_word' id='word_1_512' title='bbox 1793 4314 1834 4375; x_wconf 91' lang='lat' dir='ltr'>de</span> 
     </span>
     <span class='ocr_line' id='line_1_46' title="bbox 172 4395 1835 4483; baseline 0.002 -23"><span class='ocrx_word' id='word_1_513' title='bbox 172 4399 331 4462; x_wconf 91' lang='lat' dir='ltr'>locatione</span> <span class='ocrx_word' id='word_1_514' title='bbox 355 4397 501 4462; x_wconf 89' lang='lat' dir='ltr'>.Gerardi</span> <span class='ocrx_word' id='word_1_515' title='bbox 516 4417 594 4460; x_wconf 92' lang='lat' dir='ltr'>vero</span> <span class='ocrx_word' id='word_1_516' title='bbox 611 4407 644 4459; x_wconf 91' lang='lat' dir='ltr'>et</span> <span class='ocrx_word' id='word_1_517' title='bbox 658 4395 816 4471; x_wconf 88' lang='lat' dir='ltr'>Daiberti,</span> <span class='ocrx_word' id='word_1_518' title='bbox 841 4396 882 4459; x_wconf 90' lang='lat' dir='ltr'>de</span> <span class='ocrx_word' id='word_1_519' title='bbox 898 4396 1076 4459; x_wconf 89' lang='lat' dir='ltr'>donatione</span> <span class='ocrx_word' id='word_1_520' title='bbox 1100 4407 1132 4459; x_wconf 93' lang='lat' dir='ltr'>et</span> <span class='ocrx_word' id='word_1_521' title='bbox 1154 4398 1315 4460; x_wconf 88' lang='lat' dir='ltr'>sententia</span> <span class='ocrx_word' id='word_1_522' title='bbox 1332 4395 1361 4482; x_wconf 72' lang='grc'>8)</span> <span class='ocrx_word' id='word_1_523' title='bbox 1377 4398 1528 4460; x_wconf 89' lang='lat' dir='ltr'>Balduini</span> <span class='ocrx_word' id='word_1_524' title='bbox 1545 4410 1643 4480; x_wconf 93' lang='lat' dir='ltr'>atque</span> <span class='ocrx_word' id='word_1_525' title='bbox 1659 4400 1835 4483; x_wconf 87' lang='lat' dir='ltr'>privilegiis</span> 
     </span>
     <span class='ocr_line' id='line_1_47' title="bbox 173 4485 1835 4571; baseline 0.002 -21"><span class='ocrx_word' id='word_1_526' title='bbox 173 4489 393 4552; x_wconf 89' lang='lat' dir='ltr'>Romanorum</span> <span class='ocrx_word' id='word_1_527' title='bbox 416 4486 618 4569; x_wconf 84' lang='lat' dir='ltr'>pontificum,</span> <span class='ocrx_word' id='word_1_528' title='bbox 643 4506 706 4571; x_wconf 73' lang='lat' dir='ltr'>que</span> <span class='ocrx_word' id='word_1_529' title='bbox 730 4487 836 4567; x_wconf 92' lang='lat' dir='ltr'>ipsam</span> <span class='ocrx_word' id='word_1_530' title='bbox 858 4485 1054 4548; x_wconf 90' lang='lat' dir='ltr'>videbantur</span> <span class='ocrx_word' id='word_1_531' title='bbox 1076 4486 1272 4548; x_wconf 91' lang='lat' dir='ltr'>sententiam</span> <span class='ocrx_word' id='word_1_532' title='bbox 1295 4486 1495 4562; x_wconf 85' lang='lat' dir='ltr'>confirmare,</span> <span class='ocrx_word' id='word_1_533' title='bbox 1526 4510 1585 4570; x_wconf 93' lang='lat' dir='ltr'>pro</span> <span class='ocrx_word' id='word_1_534' title='bbox 1609 4501 1703 4569; x_wconf 90' lang='lat' dir='ltr'>parte</span> <span class='ocrx_word' id='word_1_535' title='bbox 1726 4501 1835 4553; x_wconf 90' lang='lat' dir='ltr'>autem</span> 
     </span>
     <span class='ocr_line' id='line_1_48' title="bbox 174 4575 1835 4661; baseline 0.002 -23"><span class='ocrx_word' id='word_1_536' title='bbox 174 4590 273 4641; x_wconf 83' lang='lat' dir='ltr'>vestra</span> <span class='ocrx_word' id='word_1_537' title='bbox 304 4578 530 4639; x_wconf 92' lang='lat' dir='ltr'>Romanorum</span> <span class='ocrx_word' id='word_1_538' title='bbox 562 4576 795 4656; x_wconf 91' lang='lat' dir='ltr'>imperatorum</span> <span class='ocrx_word' id='word_1_539' title='bbox 826 4585 860 4637; x_wconf 91' lang='lat' dir='ltr'>et</span> <span class='ocrx_word' id='word_1_540' title='bbox 888 4595 1000 4656; x_wconf 87' lang='lat' dir='ltr'>regum</span> <span class='ocrx_word' id='word_1_541' title='bbox 1024 4575 1155 4637; x_wconf 91' lang='lat' dir='ltr'>Henrici</span> <span class='ocrx_word' id='word_1_542' title='bbox 1186 4576 1347 4651; x_wconf 92' lang='lat' dir='ltr'>videlicet,</span> <span class='ocrx_word' id='word_1_543' title='bbox 1378 4577 1532 4652; x_wconf 89' lang='lat' dir='ltr'>Lottarii‚</span> <span class='ocrx_word' id='word_1_544' title='bbox 1565 4577 1705 4641; x_wconf 88' lang='lat' dir='ltr'>Conradi</span> <span class='ocrx_word' id='word_1_545' title='bbox 1737 4588 1835 4661; x_wconf 89' lang='lat' dir='ltr'>atque</span> 
     </span>
     <span class='ocr_line' id='line_1_49' title="bbox 175 4661 1836 4746; baseline 0.002 -19"><span class='ocrx_word' id='word_1_546' title='bbox 175 4667 333 4730; x_wconf 89' lang='lat' dir='ltr'>comitisse</span> <span class='ocrx_word' id='word_1_547' title='bbox 357 4665 502 4728; x_wconf 89' lang='lat' dir='ltr'>Matildis</span> <span class='ocrx_word' id='word_1_548' title='bbox 533 4674 566 4726; x_wconf 93' lang='lat' dir='ltr'>et</span> <span class='ocrx_word' id='word_1_549' title='bbox 588 4665 676 4726; x_wconf 90' lang='lat' dir='ltr'>bone</span> <span class='ocrx_word' id='word_1_550' title='bbox 700 4665 856 4726; x_wconf 89' lang='lat' dir='ltr'>memorie</span> <span class='ocrx_word' id='word_1_551' title='bbox 880 4663 998 4727; x_wconf 88' lang='lat' dir='ltr'>Calixti</span> <span class='ocrx_word' id='word_1_552' title='bbox 1016 4661 1041 4746; x_wconf 58' lang='grc' dir='ltr'>θ)</span> <span class='ocrx_word' id='word_1_553' title='bbox 1072 4685 1159 4746; x_wconf 90' lang='lat' dir='ltr'>pape</span> <span class='ocrx_word' id='word_1_554' title='bbox 1193 4665 1235 4726; x_wconf 92' lang='lat' dir='ltr'>de</span> <span class='ocrx_word' id='word_1_555' title='bbox 1259 4665 1437 4728; x_wconf 90' lang='lat' dir='ltr'>donatione</span> <span class='ocrx_word' id='word_1_556' title='bbox 1469 4678 1501 4729; x_wconf 93' lang='lat' dir='ltr'>et</span> <span class='ocrx_word' id='word_1_557' title='bbox 1532 4667 1779 4731; x_wconf 88' lang='lat' dir='ltr'>confirmatione</span> <span class='ocrx_word' id='word_1_558' title='bbox 1803 4680 1836 4731; x_wconf 92' lang='lat' dir='ltr'>et</span> 
     </span>
     <span class='ocr_line' id='line_1_50' title="bbox 116 4752 1836 4839; baseline 0.004 -26"><span class='ocrx_word' id='word_1_559' title='bbox 116 4802 119 4813; x_wconf 93' lang='lat'>.</span> <span class='ocrx_word' id='word_1_560' title='bbox 176 4757 292 4819; x_wconf 88' lang='lat' dir='ltr'>cunctis</span> <span class='ocrx_word' id='word_1_561' title='bbox 316 4755 395 4829; x_wconf 89' lang='lat' dir='ltr'>aliis,</span> <span class='ocrx_word' id='word_1_562' title='bbox 421 4774 483 4839; x_wconf 72' lang='lat' dir='ltr'>que</span> <span class='ocrx_word' id='word_1_563' title='bbox 506 4774 605 4835; x_wconf 90' lang='lat' dir='ltr'>super</span> <span class='ocrx_word' id='word_1_564' title='bbox 627 4752 750 4815; x_wconf 91' lang='lat' dir='ltr'>eisdem</span> <span class='ocrx_word' id='word_1_565' title='bbox 773 4753 921 4834; x_wconf 86' lang='lat' dir='ltr'>partibus</span> <span class='ocrx_word' id='word_1_566' title='bbox 944 4752 1067 4833; x_wconf 88' lang='lat' dir='ltr'>aliquid</span> <span class='ocrx_word' id='word_1_567' title='bbox 1091 4773 1151 4834; x_wconf 93' lang='lat' dir='ltr'>pro</span> <span class='ocrx_word' id='word_1_568' title='bbox 1175 4763 1267 4834; x_wconf 88' lang='lat' dir='ltr'>parte</span> <span class='ocrx_word' id='word_1_569' title='bbox 1289 4764 1396 4816; x_wconf 90' lang='lat' dir='ltr'>vestra</span> <span class='ocrx_word' id='word_1_570' title='bbox 1419 4776 1475 4818; x_wconf 90' lang='lat' dir='ltr'>seu</span> <span class='ocrx_word' id='word_1_571' title='bbox 1499 4757 1743 4833; x_wconf 90' lang='lat' dir='ltr'>monachorum,</span> <span class='ocrx_word' id='word_1_572' title='bbox 1767 4768 1836 4820; x_wconf 92' lang='lat' dir='ltr'>tam</span> 
     </span>
     <span class='ocr_line' id='line_1_51' title="bbox 177 4842 1836 4928; baseline 0.003 -24"><span class='ocrx_word' id='word_1_573' title='bbox 177 4844 210 4906; x_wconf 90' lang='lat' dir='ltr'>de</span> <span class='ocrx_word' id='word_1_574' title='bbox 230 4845 444 4928; x_wconf 90' lang='lat' dir='ltr'>proprietate,</span> <span class='ocrx_word' id='word_1_575' title='bbox 476 4842 639 4924; x_wconf 91' lang='lat' dir='ltr'>quamde</span> <span class='ocrx_word' id='word_1_576' title='bbox 670 4843 877 4923; x_wconf 91' lang='lat' dir='ltr'>possessione</span> <span class='ocrx_word' id='word_1_577' title='bbox 909 4843 1076 4904; x_wconf 89' lang='lat' dir='ltr'>continere</span> <span class='ocrx_word' id='word_1_578' title='bbox 1105 4842 1263 4918; x_wconf 85' lang='lat' dir='ltr'>videntur,</span> <span class='ocrx_word' id='word_1_579' title='bbox 1295 4855 1362 4906; x_wconf 94' lang='lat' dir='ltr'>tam</span> <span class='ocrx_word' id='word_1_580' title='bbox 1384 4866 1452 4920; x_wconf 92' lang='lat' dir='ltr'>vos,</span> <span class='ocrx_word' id='word_1_581' title='bbox 1485 4865 1583 4925; x_wconf 88' lang='lat' dir='ltr'>quam</span> <span class='ocrx_word' id='word_1_582' title='bbox 1615 4848 1766 4910; x_wconf 88' lang='lat' dir='ltr'>monachi</span> <span class='ocrx_word' id='word_1_583' title='bbox 1790 4848 1836 4909; x_wconf 93' lang='lat' dir='ltr'>sic</span> 
     </span>
    </p>
   </div>
   <div class='ocr_carea' id='block_1_4' title="bbox 274 4976 539 4985">
    <p class='ocr_par' dir='ltr' id='par_1_4' title="bbox 274 4976 539 4985">
     <span class='ocr_line' id='line_1_52' title="bbox 274 4976 539 4985; baseline -0.011 0"><span class='ocrx_word' id='word_1_584' title='bbox 274 4976 510 4985; x_wconf 76' lang='lat'><em>-..-—.-..--·—-</em></span> <span class='ocrx_word' id='word_1_585' title='bbox 520 4978 539 4983; x_wconf 76' lang='grc'>-</span> 
     </span>
    </p>
   </div>
   <div class='ocr_carea' id='block_1_5' title="bbox 176 5034 1841 5745">
    <p class='ocr_par' dir='ltr' id='par_1_5' title="bbox 176 5034 1841 5745">
     <span class='ocr_line' id='line_1_53' title="bbox 329 5034 1841 5106; baseline 0.003 -22"><span class='ocrx_word' id='word_1_586' title='bbox 329 5037 354 5103; x_wconf 86' lang='lat' dir='ltr'>a)</span> <span class='ocrx_word' id='word_1_587' title='bbox 374 5036 406 5085; x_wconf 84' lang='lat' dir='ltr'>So</span> <span class='ocrx_word' id='word_1_588' title='bbox 423 5037 491 5086; x_wconf 85' lang='lat' dir='ltr'>Alex.</span> <span class='ocrx_word' id='word_1_589' title='bbox 510 5036 557 5084; x_wconf 89' lang='lat' dir='ltr'>III</span> <span class='ocrx_word' id='word_1_590' title='bbox 664 5036 691 5096; x_wconf 86' lang='lat' dir='ltr'>b)</span> <span class='ocrx_word' id='word_1_591' title='bbox 710 5037 777 5085; x_wconf 79' lang='lat' dir='ltr'>Alex.</span> <span class='ocrx_word' id='word_1_592' title='bbox 798 5036 855 5084; x_wconf 89' lang='lat' dir='ltr'><em>III:</em></span> <span class='ocrx_word' id='word_1_593' title='bbox 877 5034 1061 5101; x_wconf 77' lang='lat' dir='ltr'>subsequenter</span> <span class='ocrx_word' id='word_1_594' title='bbox 1085 5044 1167 5084; x_wconf 89' lang='lat' dir='ltr'>autem</span> <span class='ocrx_word' id='word_1_595' title='bbox 1192 5038 1345 5102; x_wconf 88' lang='lat' dir='ltr'>temporibus</span> <span class='ocrx_word' id='word_1_596' title='bbox 1363 5039 1467 5103; x_wconf 87' lang='lat' dir='ltr'>predicti</span> <span class='ocrx_word' id='word_1_597' title='bbox 1487 5039 1590 5088; x_wconf 77' lang='lat' dir='ltr'>Adriani</span> <span class='ocrx_word' id='word_1_598' title='bbox 1615 5041 1714 5103; x_wconf 80' lang='lat' dir='ltr'>prelato</span> <span class='ocrx_word' id='word_1_599' title='bbox 1741 5040 1766 5103; x_wconf 88' lang='lat' dir='ltr'>(a</span> <span class='ocrx_word' id='word_1_600' title='bbox 1788 5042 1841 5106; x_wconf 83' lang='lat' dir='ltr'>aus</span> 
     </span>
     <span class='ocr_line' id='line_1_54' title="bbox 178 5107 1838 5175; baseline 0.004 -20"><span class='ocrx_word' id='word_1_601' title='bbox 178 5108 259 5175; x_wconf 74' lang='lat' dir='ltr'>Raucr)</span> <span class='ocrx_word' id='word_1_602' title='bbox 280 5109 373 5158; x_wconf 78' lang='lat' dir='ltr'>abbate</span> <span class='ocrx_word' id='word_1_603' title='bbox 392 5123 464 5172; x_wconf 87' lang='lat' dir='ltr'>super</span> <span class='ocrx_word' id='word_1_604' title='bbox 535 5116 559 5157; x_wconf 76' lang='lat' dir='ltr'>cl</span> <span class='ocrx_word' id='word_1_605' title='bbox 578 5108 645 5156; x_wconf 79' lang='lat' dir='ltr'>Alex.</span> <span class='ocrx_word' id='word_1_606' title='bbox 664 5107 721 5156; x_wconf 83' lang='lat' dir='ltr'>m:</span> <span class='ocrx_word' id='word_1_607' title='bbox 738 5123 781 5156; x_wconf 90' lang='lat' dir='ltr'>sua</span> <span class='ocrx_word' id='word_1_608' title='bbox 853 5107 879 5169; x_wconf 73' lang='lat' dir='ltr'>dJ</span> <span class='ocrx_word' id='word_1_609' title='bbox 899 5109 966 5156; x_wconf 82' lang='lat' dir='ltr'>Alex.</span> <span class='ocrx_word' id='word_1_610' title='bbox 985 5108 1040 5156; x_wconf 85' lang='lat' dir='ltr'><em>III:</em></span> <span class='ocrx_word' id='word_1_611' title='bbox 1057 5108 1236 5172; x_wconf 84' lang='lat' dir='ltr'>predecessore</span> <span class='ocrx_word' id='word_1_612' title='bbox 1254 5116 1340 5159; x_wconf 88' lang='lat' dir='ltr'>nostro</span> <span class='ocrx_word' id='word_1_613' title='bbox 1413 5114 1436 5175; x_wconf 88' lang='lat' dir='ltr'>e)</span> <span class='ocrx_word' id='word_1_614' title='bbox 1448 5109 1516 5175; x_wconf 79' lang='lat' dir='ltr'>fehlt</span> <span class='ocrx_word' id='word_1_615' title='bbox 1532 5112 1558 5159; x_wconf 81' lang='lat' dir='ltr'>in</span> <span class='ocrx_word' id='word_1_616' title='bbox 1575 5113 1642 5160; x_wconf 83' lang='lat' dir='ltr'>Alex.</span> <span class='ocrx_word' id='word_1_617' title='bbox 1722 5114 1743 5175; x_wconf 83' lang='lat' dir='ltr'>l)</span> <span class='ocrx_word' id='word_1_618' title='bbox 1762 5115 1838 5162; x_wconf 80' lang='lat' dir='ltr'>Alex:</span> 
     </span>
     <span class='ocr_line' id='line_1_55' title="bbox 178 5177 1837 5247; baseline 0.005 -22"><span class='ocrx_word' id='word_1_619' title='bbox 178 5181 307 5230; x_wconf 81' lang='lat' dir='ltr'>venerabili</span> <span class='ocrx_word' id='word_1_620' title='bbox 332 5180 409 5228; x_wconf 81' lang='lat' dir='ltr'>fratre</span> <span class='ocrx_word' id='word_1_621' title='bbox 433 5184 519 5228; x_wconf 88' lang='lat' dir='ltr'>nostro</span> <span class='ocrx_word' id='word_1_622' title='bbox 538 5179 575 5228; x_wconf 91' lang='lat' dir='ltr'>.R.</span> <span class='ocrx_word' id='word_1_623' title='bbox 613 5177 717 5228; x_wconf 88' lang='lat' dir='ltr'>Senensi</span> <span class='ocrx_word' id='word_1_624' title='bbox 742 5185 766 5227; x_wconf 91' lang='lat' dir='ltr'>et</span> <span class='ocrx_word' id='word_1_625' title='bbox 792 5179 859 5227; x_wconf 88' lang='lat' dir='ltr'>bone</span> <span class='ocrx_word' id='word_1_626' title='bbox 888 5179 1009 5228; x_wconf 89' lang='lat' dir='ltr'>memorie</span> <span class='ocrx_word' id='word_1_627' title='bbox 1028 5179 1052 5228; x_wconf 91' lang='lat' dir='ltr'><strong>G</strong></span> <span class='ocrx_word' id='word_1_628' title='bbox 1078 5180 1205 5244; x_wconf 89' lang='lat' dir='ltr'>quondam</span> <span class='ocrx_word' id='word_1_629' title='bbox 1231 5182 1333 5231; x_wconf 91' lang='lat' dir='ltr'>Lucano</span> <span class='ocrx_word' id='word_1_630' title='bbox 1359 5183 1479 5247; x_wconf 88' lang='lat' dir='ltr'>episcopo</span> <span class='ocrx_word' id='word_1_631' title='bbox 1508 5183 1689 5232; x_wconf 82' lang='lat' dir='ltr'>terminandam</span> <span class='ocrx_word' id='word_1_632' title='bbox 1713 5186 1837 5234; x_wconf 88' lang='lat' dir='ltr'>commisit</span> 
     </span>
     <span class='ocr_line' id='line_1_56' title="bbox 177 5250 1838 5321; baseline 0.002 -19"><span class='ocrx_word' id='word_1_633' title='bbox 177 5253 199 5315; x_wconf 82' lang='lat' dir='ltr'>g)</span> <span class='ocrx_word' id='word_1_634' title='bbox 213 5255 290 5302; x_wconf 82' lang='lat' dir='ltr'>Alex:</span> <span class='ocrx_word' id='word_1_635' title='bbox 307 5251 386 5316; x_wconf 89' lang='lat' dir='ltr'>ipsius</span> <span class='ocrx_word' id='word_1_636' title='bbox 404 5250 507 5300; x_wconf 85' lang='lat' dir='ltr'>Adriani</span> <span class='ocrx_word' id='word_1_637' title='bbox 613 5250 641 5309; x_wconf 78' lang='lat' dir='ltr'>hl</span> <span class='ocrx_word' id='word_1_638' title='bbox 660 5251 734 5299; x_wconf 81' lang='lat' dir='ltr'>Alex:</span> <span class='ocrx_word' id='word_1_639' title='bbox 752 5250 871 5315; x_wconf 82' lang='lat' dir='ltr'>cognovit</span> <span class='ocrx_word' id='word_1_640' title='bbox 961 5251 979 5314; x_wconf 91' lang='lat' dir='ltr'>i)</span> <span class='ocrx_word' id='word_1_641' title='bbox 1000 5265 1047 5299; x_wconf 89' lang='lat' dir='ltr'>nos</span> <span class='ocrx_word' id='word_1_642' title='bbox 1057 5251 1127 5315; x_wconf 79' lang='lat' dir='ltr'>sclrlt</span> <span class='ocrx_word' id='word_1_643' title='bbox 1143 5252 1168 5300; x_wconf 83' lang='lat' dir='ltr'>in</span> <span class='ocrx_word' id='word_1_644' title='bbox 1187 5255 1254 5303; x_wconf 78' lang='lat' dir='ltr'>Alex.</span> <span class='ocrx_word' id='word_1_645' title='bbox 1343 5254 1370 5315; x_wconf 83' lang='lat' dir='ltr'>lr)</span> <span class='ocrx_word' id='word_1_646' title='bbox 1389 5256 1465 5303; x_wconf 83' lang='lat' dir='ltr'>Alex:</span> <span class='ocrx_word' id='word_1_647' title='bbox 1483 5255 1636 5319; x_wconf 82' lang='lat' dir='ltr'>investigans</span> <span class='ocrx_word' id='word_1_648' title='bbox 1725 5257 1744 5321; x_wconf 90' lang='lat' dir='ltr'>l)</span> <span class='ocrx_word' id='word_1_649' title='bbox 1762 5259 1838 5305; x_wconf 70' lang='lat' dir='ltr'>Alex:</span> 
     </span>
     <span class='ocr_line' id='line_1_57' title="bbox 177 5322 1837 5386; baseline 0.004 -16"><span class='ocrx_word' id='word_1_650' title='bbox 177 5325 258 5374; x_wconf 86' lang='lat' dir='ltr'>studuit</span> <span class='ocrx_word' id='word_1_651' title='bbox 277 5337 433 5373; x_wconf 85' lang='lat' dir='ltr'>ammonere.</span> <span class='ocrx_word' id='word_1_652' title='bbox 469 5323 527 5386; x_wconf 88' lang='lat' dir='ltr'>Quo</span> <span class='ocrx_word' id='word_1_653' title='bbox 546 5322 628 5386; x_wconf 89' lang='lat' dir='ltr'>utique</span> <span class='ocrx_word' id='word_1_654' title='bbox 649 5358 655 5370; x_wconf 93' lang='lat'>.</span> <span class='ocrx_word' id='word_1_655' title='bbox 676 5359 681 5371; x_wconf 94' lang='lat'>.</span> <span class='ocrx_word' id='word_1_656' title='bbox 704 5358 709 5369; x_wconf 92' lang='lat'><strong>.</strong></span> <span class='ocrx_word' id='word_1_657' title='bbox 729 5337 772 5370; x_wconf 83' lang='lat' dir='ltr'>sue</span> <span class='ocrx_word' id='word_1_658' title='bbox 859 5322 896 5384; x_wconf 85' lang='lat' dir='ltr'>m)</span> <span class='ocrx_word' id='word_1_659' title='bbox 915 5323 988 5370; x_wconf 85' lang='lat' dir='ltr'>Alex:</span> <span class='ocrx_word' id='word_1_660' title='bbox 1014 5323 1126 5371; x_wconf 89' lang='lat' dir='ltr'>eiusdem</span> <span class='ocrx_word' id='word_1_661' title='bbox 1149 5326 1313 5374; x_wconf 85' lang='lat' dir='ltr'>antecessoris</span> <span class='ocrx_word' id='word_1_662' title='bbox 1331 5327 1410 5375; x_wconf 90' lang='lat' dir='ltr'>nostri</span> <span class='ocrx_word' id='word_1_663' title='bbox 1429 5326 1531 5375; x_wconf 86' lang='lat' dir='ltr'>Adriani</span> <span class='ocrx_word' id='word_1_664' title='bbox 1557 5334 1581 5376; x_wconf 87' lang='lat' dir='ltr'>et</span> <span class='ocrx_word' id='word_1_665' title='bbox 1604 5326 1766 5377; x_wconf 85' lang='lat' dir='ltr'>cardinalium</span> <span class='ocrx_word' id='word_1_666' title='bbox 1785 5344 1837 5377; x_wconf 88' lang='lat' dir='ltr'>me·</span> 
     </span>
     <span class='ocr_line' id='line_1_58' title="bbox 176 5388 1837 5461; baseline 0.003 -17"><span class='ocrx_word' id='word_1_667' title='bbox 176 5394 291 5445; x_wconf 81' lang='lat' dir='ltr'>diantibus</span> <span class='ocrx_word' id='word_1_668' title='bbox 313 5394 453 5443; x_wconf 80' lang='lat' dir='ltr'>venerabili</span> <span class='ocrx_word' id='word_1_669' title='bbox 479 5394 555 5442; x_wconf 83' lang='lat' dir='ltr'>fratre</span> <span class='ocrx_word' id='word_1_670' title='bbox 578 5400 664 5442; x_wconf 88' lang='lat' dir='ltr'>nostro</span> <span class='ocrx_word' id='word_1_671' title='bbox 682 5392 834 5456; x_wconf 83' lang='lat' dir='ltr'>B(eruardo)</span> <span class='ocrx_word' id='word_1_672' title='bbox 858 5388 998 5458; x_wconf 87' lang='lat' dir='ltr'>Portu[ensi</span> <span class='ocrx_word' id='word_1_673' title='bbox 1026 5395 1156 5461; x_wconf 78' lang='lat' dir='ltr'>episcopo]</span> <span class='ocrx_word' id='word_1_674' title='bbox 1182 5406 1239 5445; x_wconf 89' lang='lat' dir='ltr'>tunc</span> <span class='ocrx_word' id='word_1_675' title='bbox 1264 5397 1397 5446; x_wconf 87' lang='lat' dir='ltr'>cardinalis</span> <span class='ocrx_word' id='word_1_676' title='bbox 1416 5399 1452 5447; x_wconf 88' lang='lat' dir='ltr'>tit.</span> <span class='ocrx_word' id='word_1_677' title='bbox 1471 5400 1549 5447; x_wconf 87' lang='lat' dir='ltr'>sancti</span> <span class='ocrx_word' id='word_1_678' title='bbox 1569 5398 1705 5448; x_wconf 84' lang='lat' dir='ltr'>Clementis</span> <span class='ocrx_word' id='word_1_679' title='bbox 1723 5407 1748 5449; x_wconf 90' lang='lat' dir='ltr'>et</span> <span class='ocrx_word' id='word_1_680' title='bbox 1770 5401 1837 5449; x_wconf 88' lang='lat' dir='ltr'>bone</span> 
     </span>
     <span class='ocr_line' id='line_1_59' title="bbox 177 5465 1838 5536; baseline 0.004 -23"><span class='ocrx_word' id='word_1_681' title='bbox 177 5467 353 5516; x_wconf 82' lang='lat' dir='ltr'>recordationis</span> <span class='ocrx_word' id='word_1_682' title='bbox 371 5465 434 5514; x_wconf 91' lang='lat' dir='ltr'>Iulio</span> <span class='ocrx_word' id='word_1_683' title='bbox 453 5472 534 5515; x_wconf 89' lang='lat' dir='ltr'>tune.</span> <span class='ocrx_word' id='word_1_684' title='bbox 556 5500 563 5514; x_wconf 89' lang='lat'><em>.</em></span> <span class='ocrx_word' id='word_1_685' title='bbox 583 5502 588 5514; x_wconf 91' lang='lat'><strong><em>.</em></strong></span> <span class='ocrx_word' id='word_1_686' title='bbox 609 5470 633 5513; x_wconf 89' lang='lat' dir='ltr'>et</span> <span class='ocrx_word' id='word_1_687' title='bbox 651 5465 764 5513; x_wconf 74' lang='lat' dir='ltr'>ilenrico</span> <span class='ocrx_word' id='word_1_688' title='bbox 835 5474 861 5526; x_wconf 83' lang='lat' dir='ltr'>n)</span> <span class='ocrx_word' id='word_1_689' title='bbox 880 5480 896 5513; x_wconf 90' lang='lat' dir='ltr'>o</span> <span class='ocrx_word' id='word_1_690' title='bbox 913 5466 966 5529; x_wconf 69' lang='lat' dir='ltr'>ares</span> <span class='ocrx_word' id='word_1_691' title='bbox 977 5469 1061 5516; x_wconf 77' lang='lat' dir='ltr'>Raner</span> <span class='ocrx_word' id='word_1_692' title='bbox 1131 5475 1157 5528; x_wconf 89' lang='grc' dir='ltr'>ο)</span> <span class='ocrx_word' id='word_1_693' title='bbox 1176 5465 1281 5516; x_wconf 76' lang='lat' dir='ltr'>bintcro</span> <span class='ocrx_word' id='word_1_694' title='bbox 1294 5471 1378 5516; x_wconf 76' lang='lat' dir='ltr'>lr&#39;asur</span> <span class='ocrx_word' id='word_1_695' title='bbox 1448 5470 1475 5533; x_wconf 91' lang='lat' dir='ltr'>p)</span> <span class='ocrx_word' id='word_1_696' title='bbox 1495 5485 1509 5517; x_wconf 91' lang='lat' dir='ltr'>e</span> <span class='ocrx_word' id='word_1_697' title='bbox 1529 5470 1581 5533; x_wconf 84' lang='lat' dir='ltr'>aus</span> <span class='ocrx_word' id='word_1_698' title='bbox 1591 5471 1676 5519; x_wconf 84' lang='lat' dir='ltr'>Rasur</span> <span class='ocrx_word' id='word_1_699' title='bbox 1746 5475 1773 5536; x_wconf 73' lang='lat' dir='ltr'>ql</span> <span class='ocrx_word' id='word_1_700' title='bbox 1793 5472 1838 5520; x_wconf 84' lang='lat' dir='ltr'>dar</span> 
     </span>
     <span class='ocr_line' id='line_1_60' title="bbox 176 5537 1837 5606; baseline 0.002 -18"><span class='ocrx_word' id='word_1_701' title='bbox 176 5540 245 5588; x_wconf 70' lang='lat' dir='ltr'>meite</span> <span class='ocrx_word' id='word_1_702' title='bbox 263 5555 278 5588; x_wconf 83' lang='lat' dir='ltr'>e</span> <span class='ocrx_word' id='word_1_703' title='bbox 296 5537 349 5602; x_wconf 73' lang='lat' dir='ltr'>aras</span> <span class='ocrx_word' id='word_1_704' title='bbox 363 5538 449 5584; x_wconf 75' lang='lat' dir='ltr'>Ramr</span> <span class='ocrx_word' id='word_1_705' title='bbox 518 5543 540 5602; x_wconf 83' lang='lat' dir='ltr'>r)</span> <span class='ocrx_word' id='word_1_706' title='bbox 559 5538 631 5586; x_wconf 78' lang='lat' dir='ltr'>Alex:</span> <span class='ocrx_word' id='word_1_707' title='bbox 649 5537 681 5584; x_wconf 91' lang='lat' dir='ltr'>ab</span> <span class='ocrx_word' id='word_1_708' title='bbox 699 5543 800 5599; x_wconf 89' lang='lat' dir='ltr'>utraque</span> <span class='ocrx_word' id='word_1_709' title='bbox 872 5546 893 5599; x_wconf 80' lang='lat' dir='ltr'>s)</span> <span class='ocrx_word' id='word_1_710' title='bbox 912 5540 1043 5587; x_wconf 89' lang='lat' dir='ltr'>sententie.</span> <span class='ocrx_word' id='word_1_711' title='bbox 1061 5578 1079 5582; x_wconf 92' lang='lat'>-.</span> <span class='ocrx_word' id='word_1_712' title='bbox 1092 5577 1112 5581; x_wconf 85' lang='grc'>-</span> <span class='ocrx_word' id='word_1_713' title='bbox 1132 5541 1168 5594; x_wconf 75' lang='grc'>,1)</span> <span class='ocrx_word' id='word_1_714' title='bbox 1188 5538 1276 5589; x_wconf 79' lang='lat' dir='ltr'>Niclrls</span> <span class='ocrx_word' id='word_1_715' title='bbox 1293 5541 1372 5588; x_wconf 75' lang='lat' dir='ltr'>dauon</span> <span class='ocrx_word' id='word_1_716' title='bbox 1389 5538 1504 5590; x_wconf 80' lang='lat' dir='ltr'>erlalten.</span> <span class='ocrx_word' id='word_1_717' title='bbox 1577 5541 1604 5606; x_wconf 82' lang='lat'>2)</span> <span class='ocrx_word' id='word_1_718' title='bbox 1628 5542 1704 5606; x_wconf 70' lang='lat' dir='ltr'>Vergl.</span> <span class='ocrx_word' id='word_1_719' title='bbox 1724 5543 1761 5591; x_wconf 80' lang='lat' dir='ltr'>die</span> <span class='ocrx_word' id='word_1_720' title='bbox 1776 5543 1837 5592; x_wconf 81' lang='lat' dir='ltr'>Urk.</span> 
     </span>
     <span class='ocr_line' id='line_1_61' title="bbox 176 5605 1836 5678; baseline 0.003 -20"><span class='ocrx_word' id='word_1_721' title='bbox 176 5623 223 5658; x_wconf 77' lang='lat' dir='ltr'>vom</span> <span class='ocrx_word' id='word_1_722' title='bbox 244 5614 278 5660; x_wconf 75' lang='lat'>29</span> <span class='ocrx_word' id='word_1_723' title='bbox 301 5610 500 5675; x_wconf 78' lang='lat' dir='ltr'>Januar1161.</span> <span class='ocrx_word' id='word_1_724' title='bbox 609 5610 636 5670; x_wconf 81' lang='lat'>3)</span> <span class='ocrx_word' id='word_1_725' title='bbox 661 5608 737 5672; x_wconf 74' lang='lat' dir='ltr'>Vergl.</span> <span class='ocrx_word' id='word_1_726' title='bbox 763 5605 800 5655; x_wconf 75' lang='lat' dir='ltr'>die</span> <span class='ocrx_word' id='word_1_727' title='bbox 821 5606 881 5655; x_wconf 79' lang='lat' dir='ltr'><em>Urk.</em></span> <span class='ocrx_word' id='word_1_728' title='bbox 905 5623 960 5656; x_wconf 79' lang='lat' dir='ltr'>vom</span> <span class='ocrx_word' id='word_1_729' title='bbox 978 5612 1013 5658; x_wconf 73' lang='lat'>20</span> <span class='ocrx_word' id='word_1_730' title='bbox 1030 5610 1158 5658; x_wconf 73' lang='lat' dir='ltr'>December</span> <span class='ocrx_word' id='word_1_731' title='bbox 1176 5612 1248 5659; x_wconf 77' lang='lat'><strong><em>1155.</em></strong></span> <span class='ocrx_word' id='word_1_732' title='bbox 1355 5614 1382 5673; x_wconf 83' lang='grc'>4)</span> <span class='ocrx_word' id='word_1_733' title='bbox 1403 5612 1530 5670; x_wconf 83' lang='lat' dir='ltr'>Zmobr&#39;us,</span> <span class='ocrx_word' id='word_1_734' title='bbox 1550 5611 1694 5678; x_wconf 77' lang='lat' dir='ltr'>Erabischos</span> <span class='ocrx_word' id='word_1_735' title='bbox 1707 5630 1754 5662; x_wconf 82' lang='lat' dir='ltr'>von</span> <span class='ocrx_word' id='word_1_736' title='bbox 1769 5615 1836 5674; x_wconf 82' lang='lat' dir='ltr'>Pisa,</span> 
     </span>
     <span class='ocr_line' id='line_1_62' title="bbox 176 5676 1372 5745; baseline 0.005 -17"><span class='ocrx_word' id='word_1_737' title='bbox 176 5684 321 5731; x_wconf 72' lang='lat' dir='ltr'>nau-95⁴.</span> <span class='ocrx_word' id='word_1_738' title='bbox 395 5683 422 5743; x_wconf 84' lang='grc'>5)</span> <span class='ocrx_word' id='word_1_739' title='bbox 442 5680 534 5743; x_wconf 73' lang='lat' dir='ltr'>Amol,</span> <span class='ocrx_word' id='word_1_740' title='bbox 553 5676 697 5744; x_wconf 72' lang='lat' dir='ltr'>Erebisrlros</span> <span class='ocrx_word' id='word_1_741' title='bbox 708 5695 756 5728; x_wconf 78' lang='lat' dir='ltr'>von</span> <span class='ocrx_word' id='word_1_742' title='bbox 777 5677 845 5729; x_wconf 68' lang='lat' dir='ltr'>r’tca.</span> <span class='ocrx_word' id='word_1_743' title='bbox 867 5681 1044 5730; x_wconf 74' lang='lat' dir='ltr'>roro-1031.</span> <span class='ocrx_word' id='word_1_744' title='bbox 1118 5682 1145 5745; x_wconf 82' lang='grc'>6)</span> <span class='ocrx_word' id='word_1_745' title='bbox 1164 5681 1241 5730; x_wconf 80' lang='lat' dir='ltr'>Nirht</span> <span class='ocrx_word' id='word_1_746' title='bbox 1257 5681 1372 5734; x_wconf 77' lang='lat' dir='ltr'>erhallm.</span> 
     </span>
    </p>
   </div>
   <div class='ocr_carea' id='block_1_6' title="bbox 0 0 2017 6194">
    <p class='ocr_par' dir='ltr' id='par_1_6' title="bbox 0 0 2017 6194">
     <span class='ocr_line' id='line_1_63' title="bbox 0 0 2017 6194; baseline 0 0"><span class='ocrx_word' id='word_1_747' title='bbox 0 0 2017 6194; x_wconf 95' lang='lat' dir='ltr'> </span> 
     </span>
    </p>
   </div>
  </div>
 </body>
</html>
