3982 6194
28 5624 139 5760 ἱ

143 206 211 288 ἰςῖ

305 388 428 449 Datum
451 387 612 462 Laterani,
644 406 703 467 per
726 406 856 449 manum
880 384 1030 460 Rolandi‚
1061 393 1173 447 sancte
1195 384 1345 445 Romane
1375 382 1511 445 ecclesie
1540 379 1716 465 presbiteri
1745 398 1806 440 car·

149 476 265 538 dinalis
289 487 321 538 et
344 476 533 537 cancellarii.
564 476 830 538 xl111Kl.Iunii.
860 475 1041 537 Indictione
1064 489 1098 537 11.
1137 473 1370 535 Incarnationis
1393 473 1558 535 dominice
1581 490 1671 534 anno
1694 480 1805 530 MCLIV.

148 565 358 627 Pontificatus
381 585 458 626 vero
483 566 595 627 domni
618 565 783 627 Anastasii
808 578 844 626 lv
868 585 955 645 pape
978 583 1065 625 anno
1090 564 1205 644 primo.

303 678 425 741 Abscln'st
440 694 494 726 vom
519 680 547 724 13
559 677 652 741 Jahrb.
671 678 711 725 des
729 678 826 725 Bullar.
847 677 921 727 Basil.
940 677 1108 726 Lateranensis
1122 684 1148 740 p.
1168 680 1212 737 20,
1231 691 1284 724 vom
1309 680 1338 724 tr
1360 675 1452 739 Jatrt.
1471 675 1510 723 des
1532 672 1672 738 Caprariam
1691 673 1725 720 75
1739 678 1765 735 p.
1779 671 1808 719 23

150 751 217 812 (olane
235 749 347 813 Datum),
367 750 399 797 im
417 749 531 799 Archivio
554 749 685 812 Capitulum
703 749 729 797 di
746 750 797 797 Suu
820 749 942 796 Giuuunni
958 752 984 798 iu
1003 750 1122 798 Laterano
1140 765 1169 797 zu
1187 750 1257 797 lt’om.
1521 768 1525 778 ·

889 1077 955 1152 Nu.
987 1080 1070 1151 143.

149 1227 342 1290 Anastasius
369 1224 429 1288 IV
444 1224 561 1288 artiumt
589 1225 651 1288 den
676 1224 1000 1290 Kanam'kerkonvent
1020 1248 1080 1289 von
1113 1224 1255 1289 Volterra
1286 1224 1319 1285 in
1346 1220 1578 1306 apostolisclren
1601 1220 1723 1284 Schutz
1750 1219 1814 1281 rand

150 1318 299 1398 bestdtrgt
328 1315 395 1378 ilem
425 1316 511 1377 scine
534 1314 770 1377 desita-thamar
796 1316 864 1379 und
886 1316 1017 1393 Rechte,
1047 1316 1163 1396 wofzir
1173 1311 1321 1398 jc‘tlrrliclt
1346 1317 1367 1374 6
1389 1311 1518 1374 Denare
1542 1308 1750 1373 Lucclrcsr'sclz
1773 1330 1812 1371 uu

709 1405 762 1467 die
787 1403 890 1469 fs'rcrie
912 1427 952 1469 arc
975 1404 1149 1469 entrtclzten
1171 1401 1256 1468 sind.

755 1523 838 1583 1154
862 1518 939 1584 Mai
956 1523 1010 1583 25.
1056 1521 1206 1583 Lateran.

309 1651 500 1714 Anastasius
517 1654 699 1734 episcopus,
723 1674 833 1716 servus
850 1675 1016 1717 servorum
1033 1655 1096 1728 dei,
1120 1654 1246 1717 dilectis
1262 1652 1344 1730 filiis,
1361 1650 1634 1733 archipresbitero
1651 1655 1685 1710 et
1701 1646 1814 1708 ceteris

151 1742 334 1825 Wlterrane
365 1743 500 1824 ecclesie
532 1742 709 1816 canonicis,
747 1753 813 1806 tam
846 1744 1053 1826 presentibus
1084 1763 1182 1823 quam
1217 1744 1347 1817 futuris,
1387 1742 1541 1805 canonice
1572 1736 1815 1808 substituendis,

151 1845 189 1893 IN
205 1843 281 1892 ΡΡΜ.
298 1867 339 1876 -
360 1828 364 1914 l
384 1833 440 1915 Pie
457 1831 633 1912 postulatio
650 1832 825 1895 voluntatis
842 1833 958 1895 effectu
976 1834 1076 1896 debet
1092 1842 1313 1914 prosequente
1329 1831 1497 1912 compleri,
1522 1838 1557 1890 ut
1580 1837 1614 1890 et
1635 1824 1815 1888 devotionis

150 1921 314 1982 sinceritas
345 1920 549 1982 laudabiliter
579 1922 736 1983 enitescat
766 1931 799 1984 et
831 1923 950 1985 utilitas
982 1924 1147 2004 postulata
1167 1924 1172 2004 l
1193 1923 1275 1985 vires
1307 1921 1528 1984 indubitanter
1558 1923 1711 1980 assumat
1757 1912 1816 1975 Ea·

152 2018 305 2091 propter,
336 2008 441 2071 dilecti
473 2012 503 2071 in
527 2010 663 2072 domino
694 2010 767 2085 filii,
799 2013 914 2074 vestris
938 2013 1027 2074 iustis
1061 2012 1335 2092 postulationibus
1358 2010 1535 2073 clementer
1567 2007 1754 2076 annuimus
1785 2010 1817 2063 et

153 2101 421 2180 predecessorum
446 2108 639 2174 nostrorum,
665 2099 750 2183 bone
768 2104 923 2184 memorie
940 2101 1127 2164 CELESTINI
1147 2100 1169 2185 ¹)
1194 2109 1226 2162 et
1241 2108 1353 2181 sancte
1369 2096 1601 2160 recordationis
1617 2090 1816 2174 EUGEN11²)‚

152 2189 374 2250 Romanorum
407 2187 612 2269 pontificum,
643 2190 786 2270 vestigiis
818 2190 1017 2264 inherentes,
1049 2191 1209 2273 prefatam
1241 2189 1410 2252 ecclesiam
1443 2188 1538 2269 beate
1570 2185 1623 2246 dei
1654 2181 1817 2265 genitricis

152 2295 347 2358 semperque
378 2276 508 2356 virginis
533 2279 661 2355 Mateta,
694 2281 724 2339 in
756 2300 818 2360 qua
847 2281 955 2342 divino
980 2283 1057 2342 estis
1081 2280 1240 2358 obsequio
1264 2279 1447 2358 mancipati,
1480 2274 1541 2336 sub
1564 2274 1652 2335 beati
1677 2271 1764 2334 Petri
1787 2277 1818 2330 et

152 2375 261 2428 nostra
294 2369 499 2447 protectione
528 2367 722 2447 suscipimus
755 2378 787 2429 et
811 2371 971 2449 presentis
993 2371 1106 2450 scripti
1131 2369 1300 2450 privilegio
1325 2367 1572 2429 communimus.
1620 2359 1815 2433 Statuentes,

152 2463 186 2516 ut
209 2473 431 2535 quascumque
460 2459 693 2536 possessiones,
723 2476 929 2537 quecumque
953 2459 1039 2520 bona
1063 2459 1179 2521 eadem
1204 2459 1342 2520 ecclesia
1365 2458 1396 2517 in
1421 2455 1656 2536 presentiarum
1682 2450 1764 2510 iuste
1787 2457 1818 2510 et

152 2546 306 2606 canonice
330 2545 486 2624 possidet,
509 2554 566 2606 aut
580 2546 612 2605 in
629 2545 770 2608 futurum
788 2550 1000 2609 concessione
1017 2547 1217 2629 pontificum,
1241 2547 1410 2628 largitione
1427 2562 1538 2623 regum
1555 2541 1606 2603 vel
1625 2541 1816 2621 principum,

152 2633 316 2695 oblatione
339 2633 483 2694 fidelium
507 2654 563 2695 seu
588 2634 659 2695 aliis
681 2636 771 2697 iustis
796 2639 903 2698 modis
919 2638 982 2699 deo
1000 2637 1142 2718 propitio
1159 2637 1279 2718 poterit
1294 2633 1438 2715 adipisci,
1462 2632 1555 2693 firma
1569 2630 1665 2691 vobis
1690 2630 1816 2690 vestris-

152 2741 215 2802 que
238 2722 479 2784 successoribus
503 2733 536 2784 et
560 2723 681 2785 illibata
706 2735 925 2805 permaneant.
971 2726 1006 2787 ln
1031 2727 1146 2805 quibus
1169 2725 1231 2788 hec
1256 2725 1393 2806 propriis
1416 2723 1570 2783 duximus
1603 2716 1817 2799 exprimenda

152 2811 335 2873 vocabulis:
368 2811 499 2892 plebem
532 2813 574 2873 de
598 2810 697 2893 Nigra
729 2834 801 2875 cum
826 2815 1043 2877 decimatione
1067 2826 1100 2877 et
1123 2814 1256 2896 capellis
1279 2814 1352 2887 suis,
1384 2811 1515 2893 plebem
1548 2810 1589 2870 de
1613 2805 1817 2885 Villamagna

153 2921 227 2962 cum
250 2900 469 2962 decimatione
493 2910 526 2962 et
549 2902 683 2982 capellis
706 2905 780 2976 suis,
805 2912 928 2966 curtem
954 2913 986 2966 et
1010 2905 1178 2966 ecclesiam
1208 2905 1249 2965 de
1278 2911 1390 2963 sancta
1413 2897 1555 2980 Agatha,
1580 2896 1754 2959 ecclesiam
1777 2894 1816 2954 de

154 2988 389 3062 Guardastalla,
413 2990 572 3071 capellam
597 2991 639 3052 de
663 2989 778 3053 Monte
803 2994 925 3067 maiori,
953 2993 1123 3055 ecclesiam
1147 2994 1188 3054 de
1212 2992 1373 3066 Nubian0,
1407 2988 1575 3051 ecclesiam
1600 2988 1643 3047 de
1667 2983 1817 3056 Petriolo‚

153 3079 401 3141 decimationem
436 3078 619 3164 Wlterrane
652 3081 773 3161 plebis,
815 3082 1064 3144 decimationem
1104 3083 1145 3144 de
1178 3083 1359 3153 Monteri0,
1399 3080 1442 3141 de
1482 3086 1575 3159 parte
1605 3074 1757 3157 episcopi
1787 3079 1818 3133 et

155 3167 349 3230 marchionis
383 3168 565 3230 oblationes
590 3190 703 3232 omnes
727 3171 872 3232 eiusdem
897 3172 1032 3255 ecclesie
1056 3180 1164 3251 preter
1188 3191 1295 3232 ceram
1321 3177 1353 3230 ct
1377 3168 1486 3230 oleum
1511 3165 1640 3249 abone
1665 3161 1818 3244 memorie

154 3259 363 3319 BENEDICTO
379 3257 538 3333 videlicet,
555 3258 763 3321 HERMANNO
780 3267 812 3321 et
827 3258 1037 3343 ROGER103),
1062 3259 1251 3321 Wlterranis
1268 3258 1439 3338 episcopis,
1464 3256 1619 3318 canonice
1634 3253 1729 3315 vobis
1747 3270 1818 3313 con·

154 3366 272 3420 cessas,
294 3354 412 3408 terram
437 3348 478 3408 de
496 3345 738 3428 Cerretoplano,
764 3349 919 3430 quicquid
943 3348 1071 3411 habetis
1095 3351 1126 3410 in
1151 3357 1240 3410 curte
1257 3357 1290 3410 et
1315 3348 1447 3408 civitate
1463 3344 1656 3416 Wlterrana‚
1682 3344 1714 3403 in
1730 3348 1818 3402 curte

155 3436 197 3497 de
214 3443 325 3497 monte
337 3435 502 3509 Wltrario,
526 3437 556 3496 in
573 3445 662 3499 curte
678 3438 720 3499 de
737 3437 861 3513 Casula,
879 3441 909 3499 in
926 3446 1015 3500 curte
1031 3439 1073 3500 de
1087 3439 1257 3513 Menzano,
1275 3439 1307 3499 in
1324 3448 1412 3498 curte
1430 3437 1471 3497 de
1486 3442 1601 3495 sancto
1616 3429 1820 3502 Geminiano,

156 3527 187 3586 in
208 3533 297 3586 curte
314 3526 355 3586 de
373 3524 513 3587 Castello
529 3527 640 3599 veteri,
664 3527 695 3587 in
713 3536 802 3588 curte
818 3538 850 3590 et
866 3528 1001 3589 castello
1018 3529 1060 3589 de
1077 3525 1184 3608 Nigra,
1201 3529 1232 3589 in
1249 3534 1339 3588 curte
1356 3525 1398 3587 de
1415 3524 1659 3594 Montetinioso,
1684 3520 1715 3580 in
1731 3526 1820 3580 curte

156 3615 198 3675 de
223 3613 471 3694 Petraraminga,
496 3615 525 3674 in
549 3623 639 3675 curte
663 3615 704 3676 de
728 3616 863 3678 castello
888 3615 975 3689 Falfr,
1007 3619 1038 3678 in
1062 3626 1152 3678 curte
1177 3617 1218 3678 de
1241 3615 1364 3696 Ligula,
1396 3616 1425 3675 in
1450 3621 1541 3675 curte
1564 3620 1597 3674 et
1621 3607 1756 3671 castello
1780 3608 1821 3669 de

157 3701 296 3776 Gezano,
327 3706 358 3763 in
383 3711 471 3764 curte
495 3704 537 3764 de
560 3702 702 3777 Latreto,
736 3707 767 3766 in
793 3713 882 3766 curte
906 3707 948 3766 de
971 3705 1112 3778 Pezzole‚
1144 3707 1175 3766 in
1200 3714 1289 3766 curte
1318 3706 1360 3766 de
1384 3701 1561 3772 Monteclo,
1595 3701 1627 3760 in
1658 3707 1750 3759 curte
1782 3698 1821 3758 de

157 3793 415 3864 ll'lontecuccari,
447 3794 477 3852 in
508 3800 598 3853 curte
629 3793 671 3854 de
694 3792 777 3855 Villa
809 3815 943 3875 magna,
974 3797 1005 3857 in
1037 3804 1127 3857 curte
1157 3795 1199 3856 de
1231 3793 1332 3867 Pava,
1365 3792 1395 3854 in
1428 3799 1518 3853 curte
1549 3797 1582 3851 et
1613 3785 1748 3850 castello
1780 3785 1822 3847 de

156 3881 303 3943 Laiatico
327 3882 359 3942 in
384 3889 473 3941 curte
497 3881 539 3942 de
562 3881 688 3956 Belora,
721 3884 753 3944 in
787 3892 876 3944 curte
908 3884 950 3946 de
978 3884 1083 3945 casale
1107 3883 1227 3958 instuli,
1260 3885 1292 3945 in
1324 3891 1414 3944 curte
1445 3880 1487 3941 de
1519 3886 1629 3940 monte
1652 3873 1821 3948 Scudari0‚

156 3973 187 4032 in
206 3969 354 4042 Coruino,
378 3971 409 4030 in
427 3969 561 4030 castello
586 3979 618 4031 et
640 3979 730 4033 curte
755 3973 796 4033 de
812 3971 906 4044 Valli,
929 3976 1063 4035 terciam
1088 3982 1212 4054 partem
1238 3975 1335 4034 curtis
1361 3980 1392 4032 et
1409 3968 1529 4031 castelli
1547 3969 1589 4029 de
1606 3965 1821 4047 Camporena,

157 4058 367 4120 medietatem
400 4059 441 4118 de
466 4067 555 4120 curte
586 4068 619 4120 et
648 4061 781 4122 castello
811 4063 854 4122 de
877 4062 1015 4135 Rotano,
1048 4070 1169 4124 curtem
1202 4064 1303 4123 sancti
1329 4061 1481 4141 Mamme.
1510 4059 1645 4119 domum
1671 4074 1768 4115 unam
1792 4054 1822 4113 in

156 4147 286 4209 Lucana
318 4149 456 4209 civitate.
510 4144 703 4210 Sanctorum
737 4170 869 4231 quoque
900 4159 1027 4231 patrum
1058 4153 1283 4213 auctoritatem
1316 4157 1491 4229 sequentes
1524 4144 1755 4227 prohibemus,
1790 4149 1823 4202 ut

158 4236 233 4298 nulli
259 4237 415 4317 episcopo
439 4235 578 4314 aliquam
605 4239 841 4301 ordinationem
867 4243 898 4301 in
924 4240 1038 4301 eadem
1064 4238 1198 4301 ecclesia
1231 4239 1339 4300 facere
1362 4238 1414 4300 vel
1445 4255 1619 4319 personam
1648 4231 1823 4295 excludere

157 4327 225 4387 sive
258 4326 343 4387 bona
376 4327 584 4407 episcopatus
616 4329 648 4388 in
680 4328 815 4409 pignore
838 4328 890 4391 vel
921 4328 1022 4391 feudo
1053 4329 1145 4391 alicui
1179 4329 1257 4389 dare
1287 4348 1343 4390 seu
1375 4326 1521 4408 quolibet
1553 4322 1654 4386 modo
1686 4321 1823 4383 alienare

157 4414 282 4496 absque
306 4417 470 4476 communi
495 4414 627 4478 fratrum
650 4416 701 4478 vel
725 4418 859 4479 sanioris
883 4418 983 4499 partis
1018 4417 1151 4479 consilio
1175 4417 1278 4479 liceat.
1324 4415 1515 4479 Adicientes
1548 4414 1646 4474 etiam
1680 4411 1823 4492 presenti

159 4504 292 4565 decreto
323 4506 522 4577 sanccimuS,
555 4514 590 4566 ut
621 4505 695 4566 nulli
728 4508 885 4588 episcopo
918 4506 1026 4580 liceat,
1057 4506 1138 4568 infra
1169 4507 1340 4588 spetialem
1372 4513 1512 4567 vestram
1543 4501 1751 4584 parrochiam
1775 4497 1824 4560 vel

160 4613 269 4654 muros
294 4592 476 4677 Wlterrane
509 4596 644 4656 civitatis
675 4593 813 4674 aliquam
845 4596 1013 4658 ecclesiam
1039 4595 1228 4677 popularem
1253 4596 1295 4657 de
1319 4615 1405 4657 novo
1429 4595 1497 4656 sine
1520 4599 1629 4653 vestro
1660 4587 1825 4651 communi

159 4702 292 4744 assensu
326 4692 520 4745 construere.
574 4682 788 4745 Decernimus
821 4704 916 4765 ergo,
965 4694 999 4746 ut
1036 4684 1112 4747 nulli
1146 4685 1277 4747 omnino
1310 4685 1479 4746 hominum
1511 4681 1618 4751 liceat,
1661 4678 1823 4760 prefatam

160 4771 327 4834 ecclesiam
354 4819 361 4832 .
387 4820 392 4833 .
418 4821 423 4833 .
448 4818 455 4832 .
480 4771 589 4832 usibus
614 4774 811 4835 omnimodis
836 4774 1012 4854 profutura,
1043 4775 1130 4836 salva
1160 4776 1247 4837 sedis
1270 4773 1449 4856 apostolice
1479 4769 1671 4834 auctoritate
1696 4776 1729 4830 et
1760 4766 1824 4846 epi·

159 4862 252 4941 scopi
276 4863 373 4923 vestri
398 4861 551 4922 canonica
576 4864 765 4924 reverentia.
811 4861 867 4925 Ad
891 4864 1037 4926 inditium
1071 4872 1179 4927 autem
1203 4864 1297 4926 huius
1321 4885 1340 4926 a
1363 4864 1441 4925 sede
1465 4858 1645 4942 apostolica
1668 4864 1825 4938 percepte

160 4952 373 5030 protectionis
396 4969 455 5010 sex
479 4951 630 5013 denarios
653 4951 807 5014 Lucensis
833 4963 963 5036 monete
987 4953 1081 5016 nobis
1105 4955 1287 5037 nostrisque
1310 4951 1549 5016 successoribus
1577 4948 1669 5010 annis
1693 4943 1825 5027 singulis

160 5038 357 5120 persolvetis.
404 5035 439 5100 Si
464 5058 527 5117 qua
544 5041 710 5121 igitur...
735 5039 866 5104 Cunctis
882 5045 1251 5106 autem...inveniant.
1290 5033 1825 5105 Amen.—-A·m.-Amen.-·

371 5124 424 5211 (R)
448 5128 521 5210 Ego
545 5128 736 5193 Anastasius
760 5131 919 5217 catholice
942 5133 1077 5216 ecclesie
1102 5133 1275 5214 episcopus
1299 5153 1338 5193 ss.
1363 5132 1423 5214 (Μ)

372 5219 392 5301 †
415 5216 487 5300 Ego
511 5217 648 5281 Ymarus
672 5220 873 5283 Tusculanus
897 5223 1070 5303 episcopus
1093 5242 1134 5283 ss.

371 5340 414 5352 -
437 5309 457 5391 †
480 5309 554 5390 Ego
579 5306 852 5395 GG.(Gregorius)
875 5311 1037 5392 presbiter
1061 5309 1230 5373 cardinalis
1253 5310 1301 5371 tit.
1327 5305 1441 5371 calixti
1465 5327 1506 5368 ss

174 5568 185 5615 l
240 5570 254 5615 ς
286 5502 354 5619 ἸῙ)
371 5502 429 5550 Ura.
448 5518 502 5551 vom
521 5507 536 5552 3
556 5504 631 5553 Miire
654 5509 726 5554 1144.
819 5511 845 5565 2)
869 5505 927 5556 Urk.
951 5523 1005 5555 tum
1025 5507 1056 5554 29
1076 5507 1150 5570 Afri!
1166 5508 1237 5557 1145.
1336 5506 1362 5567 3)
1388 5501 1465 5567 l'ergl.
1484 5516 1564 5565 turgeu
1587 5500 1631 5549 drr
1648 5498 1702 5549 drrr'
1719 5495 1827 5562 Bischr'ye

160 5584 216 5617 uun
235 5604 260 5622 ..
280 5590 303 5618 υ.
333 5588 403 5620 inrue.
