3974 6188
239 273 282 346 34

238 459 274 514 ut
310 450 386 514 nulli
417 451 551 513 omnino
590 448 759 514 hominum
794 450 905 527 liceat,
940 459 1083 514 vestrum
1117 451 1288 534 collegium
1320 460 1443 515 temere
1476 452 1667 534 perturbare
1698 459 1754 513 aut
1785 459 1910 514 vestras

238 542 463 623 possessiones
492 538 620 603 auferre
650 540 702 603 vel
732 539 860 603 ablatas
892 542 1042 616 retinere,
1081 542 1226 604 minuere
1255 561 1312 604 seu
1344 541 1545 623 quibuslibet
1575 541 1732 604 molestiis
1764 540 1909 622 fatigare,

237 630 296 693 sed
320 631 431 692 omnia
452 629 547 691 vobis
568 628 693 711 integra
708 637 949 704 conserventur,
972 632 1088 693 vestris
1111 631 1221 693 usibus
1237 630 1415 714 profutura,
1438 631 1529 694 salvo
1550 632 1618 693 iure
1633 638 1744 692 sancte
1759 630 1910 693 Romane

238 718 374 782 ecclesie
406 725 439 780 et
461 715 678 782 Ariminensis
708 719 855 802 episcopi
886 719 999 782 debita
1030 721 1218 783 reverentia.
1263 718 1298 781 Si
1333 721 1406 802 quis
1439 723 1553 802 igitur,
1580 718 1675 782 huius
1698 727 1809 782 nostre
1833 740 1909 782 con·

236 809 415 871 stitutionis
446 809 599 889 paginam
630 811 748 884 sciens,
781 817 895 872 contra
926 828 997 872 eam
1029 818 1152 872 temere
1184 810 1296 871 venire
1326 812 1551 892 temptaverit,
1590 809 1735 872 secundo
1769 811 1910 871 tertiove

236 894 491 980 com(m)onituS,
513 898 539 959 si
555 918 621 960 non
636 907 762 962 reatum
777 919 871 961 suum
896 918 1039 980 congrua
1061 898 1279 961 satisfactione
1303 900 1492 974 correxerit,
1516 900 1689 981 potestatis
1711 897 1909 977 honorisque

236 987 284 1049 sui
307 987 467 1068 dignitate
490 995 607 1062 careat,
631 1008 788 1069 reumque
804 1007 840 1050 se
855 987 966 1051 divino
984 988 1096 1051 iuditio
1113 990 1255 1051 existere
1271 988 1314 1051 de
1330 996 1518 1071 perpetrata
1534 990 1704 1070 iniquitate
1721 996 1909 1069 cognoscat,

235 1085 336 1158 atque
371 1077 404 1138 in
434 1083 584 1139 extremo
612 1079 763 1140 examine
794 1077 940 1140 districte
971 1077 1085 1140 ultioni
1115 1078 1291 1140 subiaceat.
1338 1077 1614 1141 Conservantibus
1640 1084 1750 1139 autem
1777 1076 1818 1138 sit
1842 1098 1909 1159 pax

234 1165 360 1228 domini
383 1167 484 1228 nostri
507 1165 581 1229 iesu
606 1165 737 1242 Christi,
767 1175 929 1248 quatenus
952 1174 986 1229 et
1009 1165 1063 1229 hic
1086 1166 1225 1230 fructum
1256 1167 1344 1230 bone
1375 1169 1513 1230 actionis
1537 1168 1732 1249 percipiant,
1763 1174 1796 1229 et
1819 1167 1908 1248 apud

235 1255 419 1317 districtum
442 1253 579 1318 iudicem
604 1256 728 1338 premia
752 1265 863 1343 eterne
886 1258 978 1338 pacis
1001 1258 1177 1320 inveniant.
1222 1256 1342 1319 Amen.
1365 1255 1486 1319 Amen.
1510 1256 1630 1319 Amen.

448 1343 507 1424 (R)
529 1344 603 1426 Ego
627 1344 836 1408 innocentius
860 1344 1022 1433 catholice
1046 1346 1182 1434 ecclesie
1206 1346 1381 1428 episcopus
1404 1366 1447 1408 ss.
1472 1344 1535 1425 (M)

448 1430 468 1516 †
491 1435 565 1516 Ego
588 1433 772 1497 Wilielmus
796 1432 1004 1497 Prenestinus
1028 1435 1203 1518 episcopus
1226 1455 1269 1497 ss.

449 1520 468 1603 †
492 1522 565 1605 Ego
588 1524 695 1586 Lucas
718 1523 881 1606 presbiter
903 1524 1075 1587 cardinalis
1098 1527 1146 1587 tit.
1169 1532 1355 1587 sanctorum
1378 1522 1530 1586 Iohannis
1553 1531 1587 1586 et
1610 1521 1698 1586 Pauli
1721 1543 1763 1585 ss.

449 1609 469 1693 †
493 1612 565 1694 Ego
589 1612 767 1695 Gregorius
790 1613 947 1675 diaconus
971 1613 1143 1677 cardinalis
1166 1623 1355 1677 sanctorum
1380 1610 1485 1695 Sergii
1511 1621 1544 1675 et
1566 1611 1666 1675 Bachi
1690 1631 1731 1673 ss.

447 1698 467 1782 †
491 1700 562 1784 Ego
587 1701 798 1784 Crysogonus
821 1702 980 1765 diaconus
1004 1703 1176 1765 cardinalis
1199 1711 1311 1765 sancte
1334 1700 1493 1788 Maricin
1518 1702 1646 1765 Porticu
1670 1721 1712 1763 ss.

393 1793 482 1854 Data
506 1791 594 1867 Pisis,
619 1813 678 1875 per
701 1813 832 1854 manum
856 1791 1038 1868 AIMERICI,
1061 1801 1173 1855 sancte
1196 1793 1345 1855 Romane
1369 1791 1505 1854 ecclesie
1529 1791 1656 1854 diaconi
1681 1791 1853 1854 cardinalis
1877 1799 1910 1853 et

234 1879 421 1944 cancellarii.
468 1878 573 1943 Nonis
596 1879 804 1944 Novembris.
850 1880 1033 1944 indictione
1057 1896 1129 1945 xiil.
1175 1882 1412 1945 incarnationis
1436 1882 1601 1944 dominice
1625 1902 1712 1944 anno
1735 1894 1908 1943 Mcxxxvl.

236 1970 447 2034 Pontificatus
470 1990 548 2033 vero
573 1972 687 2033 domni
710 1971 890 2034 Innocentii
914 1970 977 2033 ΡΡ.
1002 1986 1026 2033 Π
1050 1992 1136 2034 anno
1160 1987 1206 2035 Vl.

397 2084 441 2134 Or.
459 2083 492 2133 im
510 2085 623 2133 Archr‘vr’o
645 2085 778 2149 Capitolare
796 2101 824 2133 su
842 2084 943 2133 Rimini.

395 2157 465 2222 Perg.
489 2157 550 2216 irat,
568 2158 603 2207 br.
627 2159 696 2216 0,45,
722 2158 782 2222 lang
799 2159 868 2216 om,
891 2163 966 2205 unten
985 2158 1046 2215 0,04
1072 2155 1266 2223 rcmgtsclrlagm,
1291 2156 1370 2204 durclr
1394 2156 1447 2206 drei
1462 2158 1555 2207 Licher
1572 2156 1630 2223 geht
1651 2157 1701 2204 eine
1725 2155 1908 2215 Seidenschnur,

234 2229 306 2278 deren
324 2228 452 2293 Bleisiegel
465 2230 574 2277 verloren
591 2228 661 2290 (noch
680 2228 713 2277 r'm
736 2229 833 2294 vcrigen
854 2228 1039 2293 Jahrhunderte
1057 2229 1182 2295 erhallen),
1207 2228 1316 2293 bhltung
1332 2229 1375 2277 der
1391 2229 1487 2278 Bullen.
1527 2230 1573 2278 Die
1594 2227 1784 2293 (interscln'sien
1801 2227 1910 2276 scheinen

233 2317 281 2351 von
298 2299 476 2350 verschiedenen
493 2300 599 2349 Hindm
616 2299 788 2351 henurithren.

989 2479 1056 2555 Nr.
1086 2484 1149 2555 40.

236 2612 391 2697 Innocenr
407 2631 452 2693 ΙΙ
468 2629 622 2712 besta'trgt
641 2629 715 2693 dem
732 2628 866 2712 Propste
881 2630 1080 2693 Bonuslzomo
1102 2652 1163 2693 von
1184 2629 1290 2693 Santa
1306 2629 1421 2693 illaria
1443 2631 1476 2694 in
1493 2630 1600 2693 Feura
1616 2627 1675 2711 (D.
1694 2626 1839 2711 Rimini)
1855 2626 1910 2691 die

796 2719 1033 2783 Besitztlntmer
1052 2721 1161 2783 sciner
1176 2718 1301 2783 Kirclre
1319 2721 1355 2804 ¹).

850 2855 933 2917 1135
950 2853 1132 2916 November
1144 2855 1174 2915 5.
1205 2852 1294 2916 Pisa.

393 2988 601 3052 innocentius
617 2989 802 3069 episcopus
825 3008 937 3051 servus
959 3008 1127 3052 servorum
1152 2989 1214 3063 dei,
1238 2986 1358 3050 dilecto
1374 2986 1440 3049 filio
1457 2993 1570 3049 nostro
1589 2983 1620 3066 a)
1644 2985 1781 3048 ecclesie
1795 2994 1909 3048 sancte

236 3077 396 3142 Columbe
419 3078 635 3142 Ariminensis
658 3077 880 3140 Bonohomini
905 3078 1043 3141 diacono
1067 3087 1100 3141 et
1123 3086 1234 3139 sancte
1259 3079 1362 3139 Marie
1389 3077 1421 3138 in
1445 3077 1551 3139 Feura
1580 3077 1752 3158 preposito
1775 3077 1909 3157 suisque

234 3168 476 3231 successoribus
499 3169 530 3230 in
555 3180 632 3229 PPM.
651 3204 690 3213 —
712 3164 717 3252 Ι
739 3164 841 3228 Oifitii
864 3169 965 3230 nostri
990 3188 1050 3230 nos
1073 3165 1222 3229 hortatur
1245 3167 1430 3240 auctoritas,
1454 3165 1663 3228 ecclesiarum
1687 3165 1782 3226 saluti
1806 3173 1907 3246 atque

235 3258 369 3334 utilitati,
384 3258 519 3320 domino
536 3264 747 3338 cooperante,
762 3258 953 3338 prospicere
969 3264 1002 3318 et
1014 3277 1125 3318 earum
1142 3256 1294 3318 ministris
1310 3254 1482 3318 salubriter
1496 3255 1680 3337 providere.
1711 3253 1907 3336 Eapropter,

235 3346 353 3409 dilecte
379 3347 411 3408 in
436 3346 570 3408 domino
600 3345 654 3419 fili,
689 3343 942 3426 postulationem
973 3355 1113 3409 vestram
1146 3346 1258 3408 debita
1289 3345 1488 3425 benignitate
1518 3347 1714 3427 suscipimus
1746 3352 1779 3404 et
1810 3342 1908 3429 beate

235 3436 339 3499 Marie
355 3435 557 3509 aecclesiam,
581 3435 622 3497 ab
639 3436 806 3517 episcopis
820 3434 1082 3498 Ariminensibus
1098 3454 1298 3508 concessam,
1321 3435 1504 3515 apostolice
1520 3435 1607 3496 sedis
1624 3431 1793 3515 privilegio
1817 3452 1908 3495 com·

235 3526 405 3588 munimus.
450 3522 648 3599 Statuentes,
672 3531 708 3586 ut
730 3525 888 3598 universa,
911 3544 996 3603 quae
1019 3525 1050 3587 in
1074 3527 1310 3608 presentiarum
1328 3524 1443 3586 eadem
1461 3523 1606 3597 ecclesia,
1630 3524 1661 3584 in
1677 3521 1779 3604 plebe
1801 3523 1906 3584 sancti

234 3615 378 3678 Lauditii
401 3616 473 3689 sita,
496 3616 580 3676 iuste
596 3623 629 3676 et
645 3615 803 3676 canonice
819 3614 977 3695 possidet,
998 3616 1102 3676 autin
1119 3613 1260 3676 futurum
1277 3615 1488 3676 concessione
1511 3612 1712 3695 pontificum,
1736 3610 1907 3692 largitione

234 3706 428 3787 principum,
452 3703 621 3766 oblatione
643 3702 790 3765 fidelium
812 3721 870 3765 seu
893 3701 962 3765 aliis
985 3704 1077 3766 iustis
1101 3703 1222 3779 modis,
1254 3711 1421 3784 prestante
1444 3702 1587 3776 domino,
1615 3703 1738 3782 poteris
1761 3700 1906 3782 adipisci,

233 3792 326 3856 firma
349 3792 444 3856 vobis
467 3794 500 3855 in
524 3799 721 3874 perpetuum
744 3800 778 3855 et
801 3790 923 3854 illibata
954 3800 1166 3874 permaneant
1198 3813 1273 3854 cum
1305 3794 1389 3853 casis
1420 3800 1454 3854 et
1484 3791 1641 3866 casalinis,
1673 3792 1761 3864 ortis,
1794 3791 1906 3865 vineiS,

233 3884 336 3956 terris,
359 3882 483 3964 campis
499 3882 593 3944 cultis
608 3890 642 3944 et
656 3880 792 3955 incultis,
815 3880 911 3956 silvis,
935 3881 1115 3963 paludibus
1138 3880 1281 3956 lacubus,
1305 3883 1428 3955 castris,
1452 3881 1597 3943 curtibus
1614 3887 1736 3942 etcum
1752 3879 1906 3941 omnibus

233 3972 275 4034 ad
299 3972 440 4034 eandem
464 3970 633 4034 ecclesiam
658 3970 904 4052 pertinentibus,
921 3970 1097 4036 ,ecclesiam
1121 3991 1254 4052 quoque
1276 3972 1381 4032 sancti
1405 3969 1494 4033 Pauli
1518 3978 1551 4031 et
1574 3978 1761 4032 sanctorum
1785 3967 1906 4030 Cosme

234 4067 268 4124 et
290 4061 452 4134 Damiani,
476 4060 507 4122 in
530 4067 638 4122 castro
662 4067 773 4122 monte
789 4058 878 4121 Flori
894 4061 927 4121 in
951 4059 1049 4141 plebe
1071 4063 1174 4123 sancti
1192 4058 1353 4122 Columbe
1369 4059 1482 4122 inserni
1505 4061 1577 4134 sita,
1601 4079 1675 4120 cum
1699 4058 1906 4141 paramentis,

233 4149 333 4224 libris,
364 4151 448 4213 casis
479 4157 511 4212 et
544 4151 633 4222 ortis,
664 4149 774 4222 vineis,
805 4150 908 4223 terris,
937 4149 1032 4224 silvis,
1064 4170 1138 4211 cum
1162 4149 1297 4212 decimis
1325 4158 1358 4211 et
1390 4149 1540 4230 primitiis
1571 4156 1605 4211 et
1636 4168 1710 4210 cum
1742 4148 1841 4210 bonis
1872 4157 1906 4209 et

233 4238 476 4302 rationabilibus
507 4238 796 4301 consuetudinibus
826 4246 860 4301 et
889 4258 964 4300 cum
996 4239 1148 4301 omnibus
1171 4239 1213 4300 ad
1246 4239 1426 4321 predictam
1459 4238 1630 4300 ecclesiam
1659 4236 1905 4319 pertinentibus.

233 4329 385 4391 Preterea
408 4327 639 4391 confirmamus
666 4327 726 4389 tibi
756 4327 929 4389 ecclesiam
961 4329 1063 4390 sancti
1086 4328 1206 4390 Leonis
1238 4328 1267 4389 in
1299 4327 1398 4409 plebe
1429 4328 1529 4390 sancti
1552 4326 1717 4389 Laurentii
1748 4327 1780 4388 in
1803 4327 1904 4388 Berto

232 4420 337 4491 sitam,
362 4423 395 4479 et
417 4415 497 4479 alias
519 4417 682 4491 ecclesias,
706 4436 787 4495 quas
810 4437 894 4478 nunc
918 4415 1021 4479 habes
1037 4418 1088 4480 vel
1111 4417 1141 4479 in
1165 4425 1261 4479 antea
1276 4418 1344 4479 iure
1361 4417 1533 4498 adquirere
1549 4418 1704 4498 potueris,
1727 4415 1758 4476 in
1774 4414 1905 4494 quibus·

233 4525 373 4586 cumque
389 4505 495 4568 lundis
517 4526 589 4569 esse
604 4514 781 4568 noscuntur
808 4525 881 4568 cum
898 4505 1142 4569 rationabilibus
1162 4506 1462 4580 consuetudinibus,
1486 4526 1560 4568 cum
1576 4504 1675 4579 libris,
1699 4505 1904 4586 paramentis,

233 4596 377 4670 decimiS,
408 4595 571 4678 primiciis,
604 4594 824 4658 oblationibus
855 4603 888 4657 et
910 4596 1143 4658 visitationibus
1174 4595 1389 4670 infirmorum,
1422 4598 1568 4658 vivorum
1600 4614 1657 4656 seu
1690 4601 1904 4668 mortuorum,

233 4692 266 4748 et
293 4685 363 4747 aliis
396 4684 547 4746 omnibus
578 4684 701 4747 eisdem
737 4683 878 4747 ecclesiis
911 4686 1165 4766 pertinentibus,
1203 4705 1267 4767 quc
1307 4687 1416 4747 omnia
1453 4684 1666 4767 disponendi,
1704 4684 1840 4764 regendi
1872 4691 1906 4745 et

232 4774 400 4836 ordinandi
424 4772 611 4837 facultatem
626 4782 724 4852 atque
740 4773 902 4835 licentiam
919 4771 1051 4848 habeas,
1075 4776 1164 4854 quod
1182 4775 1224 4836 ab
1241 4772 1441 4837 Ariminensi
1458 4777 1617 4856 episcopo
1634 4774 1694 4835 tibi
1711 4792 1904 4836 concessum

232 4883 305 4927 esse
328 4864 545 4944 cognoscitur,
569 4865 617 4926 ius
642 4882 773 4943 quoque
790 4871 824 4924 et
840 4863 1047 4925 rationabiles
1064 4864 1325 4937 consuetudines
1349 4883 1429 4942 quas
1452 4864 1482 4925 in
1500 4863 1569 4925 aliis
1586 4863 1732 4925 ecclesiis
1747 4861 1904 4924 hactenus

231 4951 372 5015 habuisti
401 4960 434 5014 et
462 4972 547 5014 nunc
579 4952 696 5026 habes,
728 4952 821 5015 vobis
852 4951 1080 5015 nichilominus
1111 4953 1349 5016 confirmamus.
1396 4953 1610 5015 Decernimus
1641 4971 1729 5033 ergo,
1763 4959 1798 5013 ut
1829 4951 1905 5014 nulli

232 5044 366 5105 omnino
389 5039 567 5116 hominum,
598 5039 798 5117 clericorum,
829 5043 1072 5123 episcoporum,
1105 5043 1431 5124 metropolitanorum
1462 5062 1520 5105 seu
1551 5041 1708 5103 laicorum
1732 5040 1838 5116 liceat,
1871 5050 1905 5104 te

230 5130 282 5194 vel
305 5139 360 5193 tua
392 5130 583 5212 perturbare
613 5138 669 5192 aut
691 5139 816 5193 vestras
840 5133 1066 5212 possessiones
1094 5131 1220 5195 auferre
1243 5132 1295 5195 vel
1327 5131 1454 5194 ablatas
1486 5133 1638 5206 retinere,
1672 5130 1815 5193 minuere
1845 5150 1903 5193 seu

231 5218 429 5300 quibuslibet
453 5219 607 5283 molestiis
631 5219 774 5302 fatigare,
797 5219 856 5282 sed
879 5229 914 5282 te
937 5228 970 5282 et
986 5221 1094 5283 omnia
1117 5222 1149 5283 in
1168 5219 1321 5306 nostra(s)
1345 5220 1567 5283 transierimus
1589 5223 1752 5296 tuitiones
1779 5228 1812 5282 et
1835 5223 1904 5283 iura

230 5317 264 5373 et
287 5310 397 5371 omnia
419 5311 545 5390 integra
568 5309 626 5372 tibi
650 5318 889 5383 conserventur,
913 5310 976 5372 tuis
1003 5310 1114 5372 usibus
1137 5310 1317 5392 profutura.
1363 5308 1398 5373 Si
1423 5311 1493 5391 quis
1517 5312 1623 5392 igitur,
1645 5309 1739 5372 huius
1771 5317 1904 5373 nostrae

229 5398 469 5462 constitutionis
500 5399 651 5481 paginam
676 5398 814 5483 (sciens),
839 5406 953 5461 contra
976 5419 1049 5462 eam
1072 5408 1197 5465 temere
1220 5402 1330 5464 venire
1352 5402 1569 5483 temptaverit,
1596 5399 1741 5463 secundo
1765 5400 1904 5463 tertiove

389 5597 414 5657 a)
433 5609 480 5642 von
505 5594 608 5643 anderer
630 5593 713 5643 Dinte.
733 5632 787 5639 -.
805 5600 841 5662 ,1)
868 5595 917 5643 Die
945 5594 1069 5659 Abschn'jt
1094 5596 1149 5644 und
1172 5597 1352 5662 Bemerkungm
1379 5594 1499 5645 verdmeke
1524 5594 1563 5643 iclt
1589 5595 1673 5645 Ilerrn
1703 5594 1764 5644 Can.
1797 5596 1905 5645 Gaetauo

229 5663 272 5715 Na·
277 5664 360 5714 ccolr'
366 5666 401 5714 ni
415 5681 446 5713 ru
463 5665 563 5715 Rimr'm'.
585 5693 615 5703 —
641 5665 712 5714 Cirirt
734 5663 823 5715 Tonini
838 5666 919 5716 Storia
938 5667 966 5715 di
982 5666 1080 5716 Rivrini
1096 5668 1130 5716 II
1137 5675 1164 5731 p.
1185 5671 1246 5719 419.

111 5728 291 5792 A
