<?xml version="1.0" encoding="UTF-8"?>
<!DOCTYPE html PUBLIC "-//W3C//DTD XHTML 1.0 Transitional//EN"
    "http://www.w3.org/TR/xhtml1/DTD/xhtml1-transitional.dtd">
<html xmlns="http://www.w3.org/1999/xhtml" xml:lang="en" lang="en">
 <head>
  <title>
</title>
<meta http-equiv="Content-Type" content="text/html;charset=utf-8" />
  <meta name='ocr-system' content='tesseract 3.04.00' />
  <meta name='ocr-capabilities' content='ocr_page ocr_carea ocr_par ocr_line ocrx_word'/>
</head>
<body>
  <div class='ocr_page' id='page_1' title='image "actapontificumr00papagoog_0036.png"; bbox 0 0 3982 6194; ppageno 0'>
   <div class='ocr_carea' id='block_1_1' title="bbox 1795 271 1833 351">
    <p class='ocr_par' dir='ltr' id='par_1_1' title="bbox 1795 271 1833 351">
     <span class='ocr_line' id='line_1_1' title="bbox 1795 271 1833 351; baseline 0 0"><span class='ocrx_word' id='word_1_1' title='bbox 1795 271 1833 351; x_wconf 70' lang='lat'>25</span> 
     </span>
    </p>
   </div>
   <div class='ocr_carea' id='block_1_2' title="bbox 153 447 1836 3752">
    <p class='ocr_par' dir='ltr' id='par_1_2' title="bbox 153 447 1836 3395">
     <span class='ocr_line' id='line_1_2' title="bbox 153 447 1834 539; baseline 0.003 -23"><span class='ocrx_word' id='word_1_2' title='bbox 153 448 266 529; x_wconf 87' lang='lat' dir='ltr'>liceat,</span> <span class='ocrx_word' id='word_1_3' title='bbox 306 454 448 519; x_wconf 91' lang='lat' dir='ltr'>eundem</span> <span class='ocrx_word' id='word_1_4' title='bbox 482 453 591 520; x_wconf 92' lang='lat' dir='ltr'>locum</span> <span class='ocrx_word' id='word_1_5' title='bbox 623 461 747 519; x_wconf 89' lang='lat' dir='ltr'>temere</span> <span class='ocrx_word' id='word_1_6' title='bbox 781 448 971 538; x_wconf 87' lang='lat' dir='ltr'>perturbare</span> <span class='ocrx_word' id='word_1_7' title='bbox 1008 466 1062 519; x_wconf 91' lang='lat' dir='ltr'>aut</span> <span class='ocrx_word' id='word_1_8' title='bbox 1101 449 1169 519; x_wconf 88' lang='lat' dir='ltr'>eius</span> <span class='ocrx_word' id='word_1_9' title='bbox 1201 447 1426 539; x_wconf 89' lang='lat' dir='ltr'>possessiones</span> <span class='ocrx_word' id='word_1_10' title='bbox 1461 459 1586 520; x_wconf 85' lang='lat' dir='ltr'>auferre</span> <span class='ocrx_word' id='word_1_11' title='bbox 1617 459 1668 521; x_wconf 92' lang='lat' dir='ltr'>vel</span> <span class='ocrx_word' id='word_1_12' title='bbox 1707 459 1834 522; x_wconf 90' lang='lat' dir='ltr'>ablatas</span> 
     </span>
     <span class='ocr_line' id='line_1_3' title="bbox 153 545 1836 629; baseline 0.003 -24"><span class='ocrx_word' id='word_1_13' title='bbox 153 546 302 619; x_wconf 88' lang='lat' dir='ltr'>retinere,</span> <span class='ocrx_word' id='word_1_14' title='bbox 336 547 480 608; x_wconf 89' lang='lat' dir='ltr'>minuere</span> <span class='ocrx_word' id='word_1_15' title='bbox 504 545 555 608; x_wconf 93' lang='lat' dir='ltr'>vel</span> <span class='ocrx_word' id='word_1_16' title='bbox 580 547 759 608; x_wconf 93' lang='lat' dir='ltr'>temerariis</span> <span class='ocrx_word' id='word_1_17' title='bbox 782 546 1009 608; x_wconf 91' lang='lat' dir='ltr'>vexationibus</span> <span class='ocrx_word' id='word_1_18' title='bbox 1033 546 1185 627; x_wconf 89' lang='lat' dir='ltr'>fatigare,</span> <span class='ocrx_word' id='word_1_19' title='bbox 1223 548 1281 609; x_wconf 92' lang='lat' dir='ltr'>sed</span> <span class='ocrx_word' id='word_1_20' title='bbox 1307 548 1414 609; x_wconf 91' lang='lat' dir='ltr'>omnia</span> <span class='ocrx_word' id='word_1_21' title='bbox 1446 548 1572 629; x_wconf 91' lang='lat' dir='ltr'>integra</span> <span class='ocrx_word' id='word_1_22' title='bbox 1604 558 1836 610; x_wconf 83' lang='lat' dir='ltr'>conserventur</span> 
     </span>
     <span class='ocr_line' id='line_1_4' title="bbox 154 635 1835 718; baseline 0.002 -23"><span class='ocrx_word' id='word_1_23' title='bbox 154 654 280 708; x_wconf 91' lang='lat' dir='ltr'>eorum,</span> <span class='ocrx_word' id='word_1_24' title='bbox 312 655 375 718; x_wconf 93' lang='lat' dir='ltr'>pro</span> <span class='ocrx_word' id='word_1_25' title='bbox 408 656 547 716; x_wconf 93' lang='lat' dir='ltr'>quorum</span> <span class='ocrx_word' id='word_1_26' title='bbox 577 635 816 698; x_wconf 89' lang='lat' dir='ltr'>sustentacione</span> <span class='ocrx_word' id='word_1_27' title='bbox 848 656 886 698; x_wconf 90' lang='lat' dir='ltr'>ac</span> <span class='ocrx_word' id='word_1_28' title='bbox 917 636 1159 716; x_wconf 90' lang='lat' dir='ltr'>gubernacione</span> <span class='ocrx_word' id='word_1_29' title='bbox 1189 656 1344 698; x_wconf 89' lang='lat' dir='ltr'>concessa</span> <span class='ocrx_word' id='word_1_30' title='bbox 1375 642 1458 711; x_wconf 89' lang='lat' dir='ltr'>sunt,</span> <span class='ocrx_word' id='word_1_31' title='bbox 1491 637 1600 699; x_wconf 92' lang='lat' dir='ltr'>usibus</span> <span class='ocrx_word' id='word_1_32' title='bbox 1634 638 1835 701; x_wconf 85' lang='lat' dir='ltr'>omnimodis</span> 
     </span>
     <span class='ocr_line' id='line_1_5' title="bbox 155 721 1836 807; baseline 0.003 -23"><span class='ocrx_word' id='word_1_33' title='bbox 155 722 337 804; x_wconf 88' lang='lat' dir='ltr'>profutura.</span> <span class='ocrx_word' id='word_1_34' title='bbox 379 721 533 786; x_wconf 90' lang='lat' dir='ltr'>Obeunte</span> <span class='ocrx_word' id='word_1_35' title='bbox 557 725 820 806; x_wconf 91' lang='lat' dir='ltr'>congregationis</span> <span class='ocrx_word' id='word_1_36' title='bbox 835 733 943 787; x_wconf 88' lang='lat' dir='ltr'>vestre</span> <span class='ocrx_word' id='word_1_37' title='bbox 959 725 1089 800; x_wconf 83' lang='lat' dir='ltr'><strong>abbate,</strong></span> <span class='ocrx_word' id='word_1_38' title='bbox 1114 725 1220 787; x_wconf 93' lang='lat' dir='ltr'>nullus</span> <span class='ocrx_word' id='word_1_39' title='bbox 1241 726 1284 787; x_wconf 95' lang='lat' dir='ltr'>ibi</span> <span class='ocrx_word' id='word_1_40' title='bbox 1313 724 1460 804; x_wconf 89' lang='lat' dir='ltr'>qualibet</span> <span class='ocrx_word' id='word_1_41' title='bbox 1476 727 1697 807; x_wconf 81' lang='lat' dir='ltr'>subreptionis</span> <span class='ocrx_word' id='word_1_42' title='bbox 1713 728 1836 789; x_wconf 84' lang='lat' dir='ltr'>astucia</span> 
     </span>
     <span class='ocr_line' id='line_1_6' title="bbox 154 811 1835 898; baseline 0.003 -25"><span class='ocrx_word' id='word_1_43' title='bbox 154 811 204 873; x_wconf 93' lang='lat' dir='ltr'>vel</span> <span class='ocrx_word' id='word_1_44' title='bbox 231 812 393 875; x_wconf 87' lang='lat' dir='ltr'>violencia</span> <span class='ocrx_word' id='word_1_45' title='bbox 416 822 624 895; x_wconf 83' lang='lat' dir='ltr'>preponatur,</span> <span class='ocrx_word' id='word_1_46' title='bbox 648 814 706 876; x_wconf 91' lang='lat' dir='ltr'>nisi</span> <span class='ocrx_word' id='word_1_47' title='bbox 731 833 829 892; x_wconf 88' lang='lat' dir='ltr'>quern</span> <span class='ocrx_word' id='word_1_48' title='bbox 854 813 969 876; x_wconf 90' lang='lat' dir='ltr'>fratres</span> <span class='ocrx_word' id='word_1_49' title='bbox 993 816 1156 876; x_wconf 90' lang='lat' dir='ltr'>communi</span> <span class='ocrx_word' id='word_1_50' title='bbox 1183 835 1342 877; x_wconf 89' lang='lat' dir='ltr'>consensu</span> <span class='ocrx_word' id='word_1_51' title='bbox 1367 814 1418 876; x_wconf 97' lang='lat' dir='ltr'>vel</span> <span class='ocrx_word' id='word_1_52' title='bbox 1447 813 1579 878; x_wconf 83' lang='lat' dir='ltr'>fratrum</span> <span class='ocrx_word' id='word_1_53' title='bbox 1605 836 1680 898; x_wconf 91' lang='lat' dir='ltr'>pars</span> <span class='ocrx_word' id='word_1_54' title='bbox 1710 816 1835 879; x_wconf 90' lang='lat' dir='ltr'>consilii</span> 
     </span>
     <span class='ocr_line' id='line_1_7' title="bbox 154 901 1836 986; baseline 0.002 -23"><span class='ocrx_word' id='word_1_55' title='bbox 154 901 293 964; x_wconf 90' lang='lat' dir='ltr'>sanioris</span> <span class='ocrx_word' id='word_1_56' title='bbox 324 904 502 965; x_wconf 89' lang='lat' dir='ltr'>secundum</span> <span class='ocrx_word' id='word_1_57' title='bbox 547 903 600 965; x_wconf 91' lang='lat' dir='ltr'>dei</span> <span class='ocrx_word' id='word_1_58' title='bbox 646 904 796 965; x_wconf 88' lang='lat' dir='ltr'>timorem</span> <span class='ocrx_word' id='word_1_59' title='bbox 842 903 1144 982; x_wconf 86' lang='lat' dir='ltr'>institutionemque</span> <span class='ocrx_word' id='word_1_60' title='bbox 1182 905 1373 966; x_wconf 89' lang='lat' dir='ltr'>canonicam</span> <span class='ocrx_word' id='word_1_61' title='bbox 1413 905 1594 985; x_wconf 92' lang='lat' dir='ltr'>providerit</span> <span class='ocrx_word' id='word_1_62' title='bbox 1641 905 1836 986; x_wconf 92' lang='lat' dir='ltr'>eligendum.</span> 
     </span>
     <span class='ocr_line' id='line_1_8' title="bbox 156 989 1836 1076; baseline 0.002 -24"><span class='ocrx_word' id='word_1_63' title='bbox 156 989 399 1054; x_wconf 90' lang='lat' dir='ltr'>Ordinaciones</span> <span class='ocrx_word' id='word_1_64' title='bbox 423 991 622 1066; x_wconf 90' lang='lat' dir='ltr'>clericorum,</span> <span class='ocrx_word' id='word_1_65' title='bbox 650 993 911 1055; x_wconf 85' lang='lat' dir='ltr'>consecrationes</span> <span class='ocrx_word' id='word_1_66' title='bbox 935 992 1092 1055; x_wconf 89' lang='lat' dir='ltr'>abbatum</span> <span class='ocrx_word' id='word_1_67' title='bbox 1117 993 1183 1054; x_wconf 90' lang='lat' dir='ltr'>sive</span> <span class='ocrx_word' id='word_1_68' title='bbox 1207 993 1413 1055; x_wconf 89' lang='lat' dir='ltr'>basilicarum</span> <span class='ocrx_word' id='word_1_69' title='bbox 1437 993 1478 1054; x_wconf 96' lang='lat' dir='ltr'>ab</span> <span class='ocrx_word' id='word_1_70' title='bbox 1505 995 1642 1056; x_wconf 90' lang='lat' dir='ltr'>Metensi</span> <span class='ocrx_word' id='word_1_71' title='bbox 1666 996 1836 1076; x_wconf 88' lang='lat' dir='ltr'>accipietis</span> 
     </span>
     <span class='ocr_line' id='line_1_9' title="bbox 156 1081 1836 1165; baseline 0.002 -23"><span class='ocrx_word' id='word_1_72' title='bbox 156 1081 327 1163; x_wconf 90' lang='lat' dir='ltr'>episc0p0,</span> <span class='ocrx_word' id='word_1_73' title='bbox 351 1083 376 1142; x_wconf 93' lang='lat' dir='ltr'>si</span> <span class='ocrx_word' id='word_1_74' title='bbox 402 1082 534 1160; x_wconf 91' lang='lat' dir='ltr'>quidem</span> <span class='ocrx_word' id='word_1_75' title='bbox 559 1082 694 1162; x_wconf 85' lang='lat' dir='ltr'>gratiam</span> <span class='ocrx_word' id='word_1_76' title='bbox 719 1102 756 1143; x_wconf 92' lang='lat' dir='ltr'>ac</span> <span class='ocrx_word' id='word_1_77' title='bbox 781 1083 1046 1144; x_wconf 89' lang='lat' dir='ltr'>communionem</span> <span class='ocrx_word' id='word_1_78' title='bbox 1071 1083 1254 1163; x_wconf 89' lang='lat' dir='ltr'>apostolice</span> <span class='ocrx_word' id='word_1_79' title='bbox 1278 1083 1364 1144; x_wconf 91' lang='lat' dir='ltr'>sedis</span> <span class='ocrx_word' id='word_1_80' title='bbox 1388 1081 1546 1159; x_wconf 88' lang='lat' dir='ltr'>habuerit,</span> <span class='ocrx_word' id='word_1_81' title='bbox 1571 1092 1604 1145; x_wconf 92' lang='lat' dir='ltr'>et</span> <span class='ocrx_word' id='word_1_82' title='bbox 1627 1085 1653 1144; x_wconf 92' lang='lat' dir='ltr'>si</span> <span class='ocrx_word' id='word_1_83' title='bbox 1676 1104 1714 1146; x_wconf 93' lang='lat' dir='ltr'>ea</span> <span class='ocrx_word' id='word_1_84' title='bbox 1735 1086 1836 1165; x_wconf 90' lang='lat' dir='ltr'>gratis</span> 
     </span>
     <span class='ocr_line' id='line_1_10' title="bbox 155 1169 1834 1253; baseline 0.002 -22"><span class='ocrx_word' id='word_1_85' title='bbox 155 1190 194 1232; x_wconf 86' lang='lat' dir='ltr'>ac</span> <span class='ocrx_word' id='word_1_86' title='bbox 218 1172 290 1232; x_wconf 90' lang='lat' dir='ltr'>sine</span> <span class='ocrx_word' id='word_1_87' title='bbox 314 1171 475 1252; x_wconf 88' lang='lat' dir='ltr'>pravitate</span> <span class='ocrx_word' id='word_1_88' title='bbox 498 1170 639 1233; x_wconf 90' lang='lat' dir='ltr'>voluerit</span> <span class='ocrx_word' id='word_1_89' title='bbox 661 1169 827 1233; x_wconf 89' lang='lat' dir='ltr'>exhibere.</span> <span class='ocrx_word' id='word_1_90' title='bbox 861 1169 1016 1250; x_wconf 89' lang='lat' dir='ltr'>Alioquin</span> <span class='ocrx_word' id='word_1_91' title='bbox 1041 1171 1136 1233; x_wconf 90' lang='lat' dir='ltr'>liceat</span> <span class='ocrx_word' id='word_1_92' title='bbox 1158 1172 1261 1245; x_wconf 92' lang='lat' dir='ltr'>vobis,</span> <span class='ocrx_word' id='word_1_93' title='bbox 1286 1170 1494 1246; x_wconf 90' lang='lat' dir='ltr'>catholicum,</span> <span class='ocrx_word' id='word_1_94' title='bbox 1520 1193 1616 1253; x_wconf 91' lang='lat' dir='ltr'>quem</span> <span class='ocrx_word' id='word_1_95' title='bbox 1649 1172 1834 1247; x_wconf 83' lang='lat' dir='ltr'>malueritis,</span> 
     </span>
     <span class='ocr_line' id='line_1_11' title="bbox 156 1259 1835 1343; baseline 0.003 -23"><span class='ocrx_word' id='word_1_96' title='bbox 156 1260 245 1321; x_wconf 93' lang='lat' dir='ltr'>adire</span> <span class='ocrx_word' id='word_1_97' title='bbox 269 1260 456 1334; x_wconf 90' lang='lat' dir='ltr'>antistitem,</span> <span class='ocrx_word' id='word_1_98' title='bbox 490 1268 523 1321; x_wconf 93' lang='lat' dir='ltr'>et</span> <span class='ocrx_word' id='word_1_99' title='bbox 546 1259 587 1321; x_wconf 89' lang='lat' dir='ltr'>ab</span> <span class='ocrx_word' id='word_1_100' title='bbox 620 1280 660 1321; x_wconf 90' lang='lat' dir='ltr'>eo</span> <span class='ocrx_word' id='word_1_101' title='bbox 685 1259 815 1322; x_wconf 92' lang='lat' dir='ltr'>abbatis</span> <span class='ocrx_word' id='word_1_102' title='bbox 838 1261 1100 1323; x_wconf 88' lang='lat' dir='ltr'>benedictionem</span> <span class='ocrx_word' id='word_1_103' title='bbox 1126 1280 1182 1322; x_wconf 87' lang='lat' dir='ltr'>seu</span> <span class='ocrx_word' id='word_1_104' title='bbox 1208 1260 1341 1322; x_wconf 77' lang='lat' dir='ltr'>fratrum</span> <span class='ocrx_word' id='word_1_105' title='bbox 1372 1264 1635 1323; x_wconf 91' lang='lat' dir='ltr'>consecrationes</span> <span class='ocrx_word' id='word_1_106' title='bbox 1659 1265 1835 1343; x_wconf 89' lang='lat' dir='ltr'>suscipere,</span> 
     </span>
     <span class='ocr_line' id='line_1_12' title="bbox 157 1348 1835 1431; baseline 0.002 -22"><span class='ocrx_word' id='word_1_107' title='bbox 157 1351 212 1427; x_wconf 94' lang='lat' dir='ltr'>qui</span> <span class='ocrx_word' id='word_1_108' title='bbox 236 1349 419 1429; x_wconf 90' lang='lat' dir='ltr'>apostolice</span> <span class='ocrx_word' id='word_1_109' title='bbox 442 1350 529 1412; x_wconf 92' lang='lat' dir='ltr'>sedis</span> <span class='ocrx_word' id='word_1_110' title='bbox 553 1348 649 1410; x_wconf 90' lang='lat' dir='ltr'>fultus</span> <span class='ocrx_word' id='word_1_111' title='bbox 673 1352 876 1419; x_wconf 83' lang='lat' dir='ltr'>auctoritate,</span> <span class='ocrx_word' id='word_1_112' title='bbox 900 1369 964 1430; x_wconf 93' lang='lat' dir='ltr'>que</span> <span class='ocrx_word' id='word_1_113' title='bbox 988 1349 1200 1431; x_wconf 92' lang='lat' dir='ltr'>postulantur,</span> <span class='ocrx_word' id='word_1_114' title='bbox 1232 1349 1407 1431; x_wconf 85' lang='lat' dir='ltr'>indulgeat.</span> <span class='ocrx_word' id='word_1_115' title='bbox 1455 1348 1633 1412; x_wconf 89' lang='lat' dir='ltr'>Statuimus</span> <span class='ocrx_word' id='word_1_116' title='bbox 1663 1353 1770 1425; x_wconf 89' lang='lat' dir='ltr'>etiam,</span> <span class='ocrx_word' id='word_1_117' title='bbox 1795 1371 1835 1413; x_wconf 94' lang='lat' dir='ltr'>ne</span> 
     </span>
     <span class='ocr_line' id='line_1_13' title="bbox 157 1436 1834 1521; baseline 0.002 -23"><span class='ocrx_word' id='word_1_118' title='bbox 157 1439 208 1500; x_wconf 93' lang='lat' dir='ltr'>cui</span> <span class='ocrx_word' id='word_1_119' title='bbox 237 1437 373 1500; x_wconf 83' lang='lat' dir='ltr'>fratrum</span> <span class='ocrx_word' id='word_1_120' title='bbox 397 1444 482 1521; x_wconf 88' lang='lat' dir='ltr'>&#39;post</span> <span class='ocrx_word' id='word_1_121' title='bbox 513 1436 754 1521; x_wconf 90' lang='lat' dir='ltr'>professionem</span> <span class='ocrx_word' id='word_1_122' title='bbox 786 1438 967 1501; x_wconf 85' lang='lat' dir='ltr'>exhibitam</span> <span class='ocrx_word' id='word_1_123' title='bbox 999 1439 1101 1512; x_wconf 90' lang='lat' dir='ltr'>liceat,</span> <span class='ocrx_word' id='word_1_124' title='bbox 1131 1460 1173 1501; x_wconf 92' lang='lat' dir='ltr'>ex</span> <span class='ocrx_word' id='word_1_125' title='bbox 1203 1439 1321 1501; x_wconf 89' lang='lat' dir='ltr'>eodem</span> <span class='ocrx_word' id='word_1_126' title='bbox 1354 1439 1495 1501; x_wconf 92' lang='lat' dir='ltr'>claustro</span> <span class='ocrx_word' id='word_1_127' title='bbox 1526 1441 1593 1502; x_wconf 93' lang='lat' dir='ltr'>sine</span> <span class='ocrx_word' id='word_1_128' title='bbox 1625 1440 1753 1502; x_wconf 91' lang='lat' dir='ltr'>abbatis</span> <span class='ocrx_word' id='word_1_129' title='bbox 1777 1460 1834 1502; x_wconf 92' lang='lat' dir='ltr'>seu</span> 
     </span>
     <span class='ocr_line' id='line_1_14' title="bbox 157 1527 1834 1611; baseline 0.002 -23"><span class='ocrx_word' id='word_1_130' title='bbox 157 1529 422 1608; x_wconf 90' lang='lat' dir='ltr'>congregationis</span> <span class='ocrx_word' id='word_1_131' title='bbox 438 1529 652 1610; x_wconf 83' lang='lat' dir='ltr'>permissione</span> <span class='ocrx_word' id='word_1_132' title='bbox 669 1528 848 1589; x_wconf 91' lang='lat' dir='ltr'>discedere.</span> <span class='ocrx_word' id='word_1_133' title='bbox 885 1527 1118 1590; x_wconf 90' lang='lat' dir='ltr'>Discedentem</span> <span class='ocrx_word' id='word_1_134' title='bbox 1134 1548 1213 1590; x_wconf 91' lang='lat' dir='ltr'>vero</span> <span class='ocrx_word' id='word_1_135' title='bbox 1229 1527 1333 1589; x_wconf 91' lang='lat' dir='ltr'>nullus</span> <span class='ocrx_word' id='word_1_136' title='bbox 1349 1528 1506 1590; x_wconf 91' lang='lat' dir='ltr'>abbatum</span> <span class='ocrx_word' id='word_1_137' title='bbox 1525 1529 1576 1590; x_wconf 89' lang='lat' dir='ltr'>vel</span> <span class='ocrx_word' id='word_1_138' title='bbox 1592 1532 1834 1611; x_wconf 90' lang='lat' dir='ltr'>episcoporum,</span> 
     </span>
     <span class='ocr_line' id='line_1_15' title="bbox 156 1614 1834 1700; baseline 0.002 -24"><span class='ocrx_word' id='word_1_139' title='bbox 156 1614 261 1677; x_wconf 92' lang='lat' dir='ltr'>nullus</span> <span class='ocrx_word' id='word_1_140' title='bbox 293 1616 529 1679; x_wconf 91' lang='lat' dir='ltr'>monachorum</span> <span class='ocrx_word' id='word_1_141' title='bbox 561 1636 618 1678; x_wconf 91' lang='lat' dir='ltr'>seu</span> <span class='ocrx_word' id='word_1_142' title='bbox 650 1618 880 1680; x_wconf 90' lang='lat' dir='ltr'>canonicorum</span> <span class='ocrx_word' id='word_1_143' title='bbox 913 1619 981 1678; x_wconf 91' lang='lat' dir='ltr'>sine</span> <span class='ocrx_word' id='word_1_144' title='bbox 1013 1617 1233 1680; x_wconf 89' lang='lat' dir='ltr'>communium</span> <span class='ocrx_word' id='word_1_145' title='bbox 1266 1617 1416 1679; x_wconf 89' lang='lat' dir='ltr'>cautione</span> <span class='ocrx_word' id='word_1_146' title='bbox 1451 1617 1630 1680; x_wconf 90' lang='lat' dir='ltr'>litterarum</span> <span class='ocrx_word' id='word_1_147' title='bbox 1670 1620 1834 1700; x_wconf 89' lang='lat' dir='ltr'>suscipiat.</span> 
     </span>
     <span class='ocr_line' id='line_1_16' title="bbox 156 1704 1834 1788; baseline 0.002 -22"><span class='ocrx_word' id='word_1_148' title='bbox 156 1704 213 1766; x_wconf 83' lang='lat' dir='ltr'>Ad</span> <span class='ocrx_word' id='word_1_149' title='bbox 230 1705 292 1768; x_wconf 90' lang='lat' dir='ltr'>hec</span> <span class='ocrx_word' id='word_1_150' title='bbox 316 1707 484 1781; x_wconf 87' lang='lat' dir='ltr'>adicimus,</span> <span class='ocrx_word' id='word_1_151' title='bbox 508 1713 543 1767; x_wconf 89' lang='lat' dir='ltr'>ut</span> <span class='ocrx_word' id='word_1_152' title='bbox 567 1707 743 1787; x_wconf 90' lang='lat' dir='ltr'>episcopus</span> <span class='ocrx_word' id='word_1_153' title='bbox 758 1706 866 1768; x_wconf 91' lang='lat' dir='ltr'>locum</span> <span class='ocrx_word' id='word_1_154' title='bbox 884 1709 990 1788; x_wconf 94' lang='lat' dir='ltr'>ipsum</span> <span class='ocrx_word' id='word_1_155' title='bbox 1008 1727 1142 1788; x_wconf 89' lang='lat' dir='ltr'>gravare</span> <span class='ocrx_word' id='word_1_156' title='bbox 1159 1727 1224 1768; x_wconf 93' lang='lat' dir='ltr'>non</span> <span class='ocrx_word' id='word_1_157' title='bbox 1241 1708 1370 1780; x_wconf 87' lang='lat' dir='ltr'>audeat,</span> <span class='ocrx_word' id='word_1_158' title='bbox 1394 1707 1444 1768; x_wconf 90' lang='lat' dir='ltr'>vel</span> <span class='ocrx_word' id='word_1_159' title='bbox 1461 1707 1570 1787; x_wconf 91' lang='lat' dir='ltr'>aliqua</span> <span class='ocrx_word' id='word_1_160' title='bbox 1591 1710 1834 1782; x_wconf 92' lang='lat' dir='ltr'>consuetudine,</span> 
     </span>
     <span class='ocr_line' id='line_1_17' title="bbox 157 1794 1834 1877; baseline 0.001 -21"><span class='ocrx_word' id='word_1_161' title='bbox 157 1814 222 1875; x_wconf 91' lang='lat' dir='ltr'>que</span> <span class='ocrx_word' id='word_1_162' title='bbox 247 1794 441 1877; x_wconf 86' lang='lat' dir='ltr'>regularium</span> <span class='ocrx_word' id='word_1_163' title='bbox 466 1795 601 1857; x_wconf 89' lang='lat' dir='ltr'>fratrum</span> <span class='ocrx_word' id='word_1_164' title='bbox 635 1795 732 1874; x_wconf 91' lang='lat' dir='ltr'>quieti</span> <span class='ocrx_word' id='word_1_165' title='bbox 757 1804 882 1869; x_wconf 90' lang='lat' dir='ltr'>noceat,</span> <span class='ocrx_word' id='word_1_166' title='bbox 915 1796 1065 1876; x_wconf 89' lang='lat' dir='ltr'>irrogare.</span> <span class='ocrx_word' id='word_1_167' title='bbox 1112 1795 1263 1858; x_wconf 88' lang='lat' dir='ltr'>Preterea</span> <span class='ocrx_word' id='word_1_168' title='bbox 1294 1794 1506 1877; x_wconf 87' lang='lat' dir='ltr'>prohibemus</span> <span class='ocrx_word' id='word_1_169' title='bbox 1537 1817 1574 1858; x_wconf 92' lang='lat' dir='ltr'>ac</span> <span class='ocrx_word' id='word_1_170' title='bbox 1604 1798 1834 1871; x_wconf 86' lang='lat' dir='ltr'>interdicimus,</span> 
     </span>
     <span class='ocr_line' id='line_1_18' title="bbox 158 1883 1834 1966; baseline 0.002 -21"><span class='ocrx_word' id='word_1_171' title='bbox 158 1893 192 1945; x_wconf 93' lang='lat' dir='ltr'>ut</span> <span class='ocrx_word' id='word_1_172' title='bbox 216 1887 303 1946; x_wconf 91' lang='lat' dir='ltr'>circa</span> <span class='ocrx_word' id='word_1_173' title='bbox 340 1886 468 1947; x_wconf 92' lang='lat' dir='ltr'>cenobii</span> <span class='ocrx_word' id='word_1_174' title='bbox 501 1887 598 1946; x_wconf 92' lang='lat' dir='ltr'>vestri</span> <span class='ocrx_word' id='word_1_175' title='bbox 630 1884 786 1947; x_wconf 89' lang='lat' dir='ltr'>ambitum</span> <span class='ocrx_word' id='word_1_176' title='bbox 821 1886 993 1947; x_wconf 90' lang='lat' dir='ltr'>occasione</span> <span class='ocrx_word' id='word_1_177' title='bbox 1024 1883 1168 1963; x_wconf 90' lang='lat' dir='ltr'>qualibet</span> <span class='ocrx_word' id='word_1_178' title='bbox 1198 1884 1353 1947; x_wconf 91' lang='lat' dir='ltr'>assultum</span> <span class='ocrx_word' id='word_1_179' title='bbox 1388 1884 1495 1947; x_wconf 90' lang='lat' dir='ltr'>facere</span> <span class='ocrx_word' id='word_1_180' title='bbox 1527 1906 1626 1947; x_wconf 92' lang='lat' dir='ltr'>nemo</span> <span class='ocrx_word' id='word_1_181' title='bbox 1658 1894 1834 1966; x_wconf 89' lang='lat' dir='ltr'>presumat.</span> 
     </span>
     <span class='ocr_line' id='line_1_19' title="bbox 158 1969 1834 2056; baseline 0.002 -22"><span class='ocrx_word' id='word_1_182' title='bbox 158 1969 191 2034; x_wconf 86' lang='lat' dir='ltr'>Si</span> <span class='ocrx_word' id='word_1_183' title='bbox 215 1993 303 2048; x_wconf 90' lang='lat' dir='ltr'>vero,</span> <span class='ocrx_word' id='word_1_184' title='bbox 329 1974 418 2054; x_wconf 94' lang='lat' dir='ltr'>quod</span> <span class='ocrx_word' id='word_1_185' title='bbox 444 1975 537 2048; x_wconf 91' lang='lat' dir='ltr'>absit,</span> <span class='ocrx_word' id='word_1_186' title='bbox 563 1972 648 2035; x_wconf 92' lang='lat' dir='ltr'>forte</span> <span class='ocrx_word' id='word_1_187' title='bbox 672 1976 855 2056; x_wconf 91' lang='lat' dir='ltr'>contigerit,</span> <span class='ocrx_word' id='word_1_188' title='bbox 880 1974 959 2036; x_wconf 90' lang='lat' dir='ltr'>infra</span> <span class='ocrx_word' id='word_1_189' title='bbox 983 1975 1098 2036; x_wconf 91' lang='lat' dir='ltr'>atrium</span> <span class='ocrx_word' id='word_1_190' title='bbox 1123 1982 1265 2036; x_wconf 89' lang='lat' dir='ltr'>vestrum</span> <span class='ocrx_word' id='word_1_191' title='bbox 1291 1973 1341 2036; x_wconf 92' lang='lat' dir='ltr'>vel</span> <span class='ocrx_word' id='word_1_192' title='bbox 1366 1975 1554 2037; x_wconf 79' lang='lat' dir='ltr'>effusionem</span> <span class='ocrx_word' id='word_1_193' title='bbox 1589 1976 1751 2056; x_wconf 90' lang='lat' dir='ltr'>sanguinis</span> <span class='ocrx_word' id='word_1_194' title='bbox 1782 1975 1834 2038; x_wconf 92' lang='lat' dir='ltr'>vel</span> 
     </span>
     <span class='ocr_line' id='line_1_20' title="bbox 157 2061 1835 2146; baseline 0.002 -23"><span class='ocrx_word' id='word_1_195' title='bbox 157 2063 329 2125; x_wconf 92' lang='lat' dir='ltr'>verberum</span> <span class='ocrx_word' id='word_1_196' title='bbox 360 2062 537 2127; x_wconf 91' lang='lat' dir='ltr'>illationem</span> <span class='ocrx_word' id='word_1_197' title='bbox 568 2064 691 2124; x_wconf 89' lang='lat' dir='ltr'>sivein</span> <span class='ocrx_word' id='word_1_198' title='bbox 716 2063 826 2145; x_wconf 92' lang='lat' dir='ltr'>aliquo</span> <span class='ocrx_word' id='word_1_199' title='bbox 855 2061 949 2125; x_wconf 92' lang='lat' dir='ltr'>huius</span> <span class='ocrx_word' id='word_1_200' title='bbox 977 2063 1161 2125; x_wconf 91' lang='lat' dir='ltr'>violentiam</span> <span class='ocrx_word' id='word_1_201' title='bbox 1194 2065 1341 2144; x_wconf 88' lang='lat' dir='ltr'>irrogari,</span> <span class='ocrx_word' id='word_1_202' title='bbox 1374 2083 1579 2143; x_wconf 89' lang='lat' dir='ltr'>nequaquam</span> <span class='ocrx_word' id='word_1_203' title='bbox 1612 2073 1748 2146; x_wconf 91' lang='lat' dir='ltr'>propter</span> <span class='ocrx_word' id='word_1_204' title='bbox 1771 2063 1835 2126; x_wconf 97' lang='lat' dir='ltr'>hoc</span> 
     </span>
     <span class='ocr_line' id='line_1_21' title="bbox 158 2151 1834 2235; baseline 0.002 -23"><span class='ocrx_word' id='word_1_205' title='bbox 158 2151 297 2214; x_wconf 90' lang='lat' dir='ltr'>ecclesia</span> <span class='ocrx_word' id='word_1_206' title='bbox 328 2161 437 2216; x_wconf 89' lang='lat' dir='ltr'>vestra</span> <span class='ocrx_word' id='word_1_207' title='bbox 466 2174 485 2215; x_wconf 90' lang='lat' dir='ltr'>a</span> <span class='ocrx_word' id='word_1_208' title='bbox 519 2153 636 2215; x_wconf 92' lang='lat' dir='ltr'>divinis</span> <span class='ocrx_word' id='word_1_209' title='bbox 667 2152 877 2234; x_wconf 90' lang='lat' dir='ltr'>prohibeatur</span> <span class='ocrx_word' id='word_1_210' title='bbox 907 2151 1030 2214; x_wconf 91' lang='lat' dir='ltr'>officiis.</span> <span class='ocrx_word' id='word_1_211' title='bbox 1084 2153 1185 2215; x_wconf 92' lang='lat' dir='ltr'>Porro</span> <span class='ocrx_word' id='word_1_212' title='bbox 1220 2155 1251 2214; x_wconf 92' lang='lat' dir='ltr'>in</span> <span class='ocrx_word' id='word_1_213' title='bbox 1284 2152 1446 2227; x_wconf 92' lang='lat' dir='ltr'>ecclesiis,</span> <span class='ocrx_word' id='word_1_214' title='bbox 1485 2174 1564 2234; x_wconf 91' lang='lat' dir='ltr'>quas</span> <span class='ocrx_word' id='word_1_215' title='bbox 1597 2174 1656 2235; x_wconf 92' lang='lat' dir='ltr'>per</span> <span class='ocrx_word' id='word_1_216' title='bbox 1687 2154 1834 2216; x_wconf 91' lang='lat' dir='ltr'>diversos</span> 
     </span>
     <span class='ocr_line' id='line_1_22' title="bbox 159 2241 1835 2323; baseline 0.001 -19"><span class='ocrx_word' id='word_1_217' title='bbox 159 2244 369 2323; x_wconf 88' lang='lat' dir='ltr'>episcopatus</span> <span class='ocrx_word' id='word_1_218' title='bbox 401 2242 462 2304; x_wconf 91' lang='lat' dir='ltr'>sub</span> <span class='ocrx_word' id='word_1_219' title='bbox 493 2245 561 2303; x_wconf 91' lang='lat' dir='ltr'>iure</span> <span class='ocrx_word' id='word_1_220' title='bbox 591 2241 654 2304; x_wconf 94' lang='lat' dir='ltr'>loci</span> <span class='ocrx_word' id='word_1_221' title='bbox 687 2245 784 2305; x_wconf 92' lang='lat' dir='ltr'>vestri</span> <span class='ocrx_word' id='word_1_222' title='bbox 815 2241 959 2316; x_wconf 91' lang='lat' dir='ltr'>habetis,</span> <span class='ocrx_word' id='word_1_223' title='bbox 992 2244 1035 2303; x_wconf 95' lang='lat' dir='ltr'>de</span> <span class='ocrx_word' id='word_1_224' title='bbox 1068 2242 1331 2323; x_wconf 91' lang='lat' dir='ltr'>congregationis</span> <span class='ocrx_word' id='word_1_225' title='bbox 1363 2251 1470 2305; x_wconf 90' lang='lat' dir='ltr'>vestre</span> <span class='ocrx_word' id='word_1_226' title='bbox 1502 2242 1654 2304; x_wconf 90' lang='lat' dir='ltr'>fratribus</span> <span class='ocrx_word' id='word_1_227' title='bbox 1691 2252 1835 2305; x_wconf 91' lang='lat' dir='ltr'>rectores</span> 
     </span>
     <span class='ocr_line' id='line_1_23' title="bbox 159 2329 1834 2413; baseline 0.002 -22"><span class='ocrx_word' id='word_1_228' title='bbox 159 2333 378 2394; x_wconf 91' lang='lat' dir='ltr'>constituendi</span> <span class='ocrx_word' id='word_1_229' title='bbox 402 2331 535 2394; x_wconf 91' lang='lat' dir='ltr'>liberam</span> <span class='ocrx_word' id='word_1_230' title='bbox 561 2331 655 2393; x_wconf 94' lang='lat' dir='ltr'>vobis</span> <span class='ocrx_word' id='word_1_231' title='bbox 680 2331 891 2394; x_wconf 90' lang='lat' dir='ltr'>concedimus</span> <span class='ocrx_word' id='word_1_232' title='bbox 916 2329 1112 2402; x_wconf 89' lang='lat' dir='ltr'>facultatem,</span> <span class='ocrx_word' id='word_1_233' title='bbox 1144 2329 1235 2393; x_wconf 92' lang='lat' dir='ltr'>salvo</span> <span class='ocrx_word' id='word_1_234' title='bbox 1259 2333 1327 2392; x_wconf 91' lang='lat' dir='ltr'>iure</span> <span class='ocrx_word' id='word_1_235' title='bbox 1352 2332 1506 2413; x_wconf 91' lang='lat' dir='ltr'>episcopi,</span> <span class='ocrx_word' id='word_1_236' title='bbox 1538 2333 1570 2393; x_wconf 91' lang='lat' dir='ltr'>in</span> <span class='ocrx_word' id='word_1_237' title='bbox 1599 2334 1689 2393; x_wconf 92' lang='lat' dir='ltr'>cuius</span> <span class='ocrx_word' id='word_1_238' title='bbox 1713 2334 1834 2395; x_wconf 91' lang='lat' dir='ltr'>diocesi</span> 
     </span>
     <span class='ocr_line' id='line_1_24' title="bbox 159 2419 1834 2502; baseline 0.001 -20"><span class='ocrx_word' id='word_1_239' title='bbox 159 2420 297 2482; x_wconf 85' lang='lat' dir='ltr'>ecclesie</span> <span class='ocrx_word' id='word_1_240' title='bbox 321 2421 382 2483; x_wconf 91' lang='lat' dir='ltr'>site</span> <span class='ocrx_word' id='word_1_241' title='bbox 404 2430 488 2485; x_wconf 92' lang='lat' dir='ltr'>sunt.</span> <span class='ocrx_word' id='word_1_242' title='bbox 536 2419 592 2482; x_wconf 90' lang='lat' dir='ltr'>Ad</span> <span class='ocrx_word' id='word_1_243' title='bbox 616 2421 768 2483; x_wconf 92' lang='lat' dir='ltr'>indicium</span> <span class='ocrx_word' id='word_1_244' title='bbox 792 2429 901 2483; x_wconf 91' lang='lat' dir='ltr'>autem</span> <span class='ocrx_word' id='word_1_245' title='bbox 927 2429 1083 2502; x_wconf 90' lang='lat' dir='ltr'>percepte</span> <span class='ocrx_word' id='word_1_246' title='bbox 1107 2419 1291 2481; x_wconf 92' lang='lat' dir='ltr'>huiusmodi</span> <span class='ocrx_word' id='word_1_247' title='bbox 1306 2441 1325 2481; x_wconf 93' lang='lat' dir='ltr'>a</span> <span class='ocrx_word' id='word_1_248' title='bbox 1340 2420 1490 2482; x_wconf 91' lang='lat' dir='ltr'>Romana</span> <span class='ocrx_word' id='word_1_249' title='bbox 1511 2421 1649 2483; x_wconf 92' lang='lat' dir='ltr'>ecclesia</span> <span class='ocrx_word' id='word_1_250' title='bbox 1666 2421 1834 2495; x_wconf 89' lang='lat' dir='ltr'>libertatis,</span> 
     </span>
     <span class='ocr_line' id='line_1_25' title="bbox 160 2509 1834 2592; baseline 0.002 -22"><span class='ocrx_word' id='word_1_251' title='bbox 160 2529 216 2590; x_wconf 90' lang='lat' dir='ltr'>per</span> <span class='ocrx_word' id='word_1_252' title='bbox 249 2530 354 2572; x_wconf 91' lang='lat' dir='ltr'>annos</span> <span class='ocrx_word' id='word_1_253' title='bbox 384 2510 529 2592; x_wconf 91' lang='lat' dir='ltr'>singulos</span> <span class='ocrx_word' id='word_1_254' title='bbox 561 2512 729 2573; x_wconf 91' lang='lat' dir='ltr'>denarium</span> <span class='ocrx_word' id='word_1_255' title='bbox 761 2530 894 2573; x_wconf 90' lang='lat' dir='ltr'>aureum</span> <span class='ocrx_word' id='word_1_256' title='bbox 919 2518 975 2571; x_wconf 93' lang='lat' dir='ltr'>aut</span> <span class='ocrx_word' id='word_1_257' title='bbox 1003 2512 1034 2571; x_wconf 93' lang='lat' dir='ltr'>in</span> <span class='ocrx_word' id='word_1_258' title='bbox 1060 2525 1109 2571; x_wconf 89' lang='lat'>1111</span> <span class='ocrx_word' id='word_1_259' title='bbox 1133 2530 1219 2571; x_wconf 91' lang='lat' dir='ltr'>anno</span> <span class='ocrx_word' id='word_1_260' title='bbox 1244 2509 1438 2572; x_wconf 90' lang='lat' dir='ltr'>bizantinum</span> <span class='ocrx_word' id='word_1_261' title='bbox 1463 2509 1673 2572; x_wconf 91' lang='lat' dir='ltr'>Lateranensi</span> <span class='ocrx_word' id='word_1_262' title='bbox 1706 2510 1834 2592; x_wconf 92' lang='lat' dir='ltr'>palacio</span> 
     </span>
     <span class='ocr_line' id='line_1_26' title="bbox 160 2598 1835 2680; baseline 0.001 -20"><span class='ocrx_word' id='word_1_263' title='bbox 160 2600 362 2680; x_wconf 90' lang='lat' dir='ltr'>persolvetis.</span> <span class='ocrx_word' id='word_1_264' title='bbox 409 2599 442 2663; x_wconf 89' lang='lat' dir='ltr'>Si</span> <span class='ocrx_word' id='word_1_265' title='bbox 467 2619 532 2679; x_wconf 90' lang='lat' dir='ltr'>qua</span> <span class='ocrx_word' id='word_1_266' title='bbox 562 2620 640 2662; x_wconf 91' lang='lat' dir='ltr'>sane</span> <span class='ocrx_word' id='word_1_267' title='bbox 671 2601 702 2661; x_wconf 91' lang='lat' dir='ltr'>in</span> <span class='ocrx_word' id='word_1_268' title='bbox 733 2600 906 2661; x_wconf 90' lang='lat' dir='ltr'>crastinum</span> <span class='ocrx_word' id='word_1_269' title='bbox 938 2598 1158 2661; x_wconf 90' lang='lat' dir='ltr'>ecclesiastica</span> <span class='ocrx_word' id='word_1_270' title='bbox 1188 2598 1382 2660; x_wconf 91' lang='lat' dir='ltr'>secularisve</span> <span class='ocrx_word' id='word_1_271' title='bbox 1406 2619 1556 2680; x_wconf 90' lang='lat' dir='ltr'>persona,</span> <span class='ocrx_word' id='word_1_272' title='bbox 1586 2598 1681 2661; x_wconf 90' lang='lat' dir='ltr'>huius</span> <span class='ocrx_word' id='word_1_273' title='bbox 1712 2601 1835 2661; x_wconf 91' lang='lat' dir='ltr'>decreti</span> 
     </span>
     <span class='ocr_line' id='line_1_27' title="bbox 160 2689 1835 2769; baseline 0.001 -20"><span class='ocrx_word' id='word_1_274' title='bbox 160 2691 312 2769; x_wconf 86' lang='lat' dir='ltr'>paginam</span> <span class='ocrx_word' id='word_1_275' title='bbox 337 2691 452 2763; x_wconf 91' lang='lat' dir='ltr'>sciens,</span> <span class='ocrx_word' id='word_1_276' title='bbox 484 2698 597 2752; x_wconf 89' lang='lat' dir='ltr'>contra</span> <span class='ocrx_word' id='word_1_277' title='bbox 621 2710 694 2752; x_wconf 92' lang='lat' dir='ltr'>eam</span> <span class='ocrx_word' id='word_1_278' title='bbox 718 2696 843 2751; x_wconf 89' lang='lat' dir='ltr'>temere</span> <span class='ocrx_word' id='word_1_279' title='bbox 866 2691 975 2750; x_wconf 91' lang='lat' dir='ltr'>venire</span> <span class='ocrx_word' id='word_1_280' title='bbox 1003 2689 1255 2769; x_wconf 89' lang='lat' dir='ltr'>attemptaverit,</span> <span class='ocrx_word' id='word_1_281' title='bbox 1289 2689 1435 2750; x_wconf 90' lang='lat' dir='ltr'>secunda</span> <span class='ocrx_word' id='word_1_282' title='bbox 1466 2691 1722 2751; x_wconf 90' lang='lat' dir='ltr'>commonitione</span> <span class='ocrx_word' id='word_1_283' title='bbox 1746 2708 1835 2750; x_wconf 93' lang='lat' dir='ltr'>comÎ‡</span> 
     </span>
     <span class='ocr_line' id='line_1_28' title="bbox 161 2775 1834 2859; baseline 0.001 -21"><span class='ocrx_word' id='word_1_284' title='bbox 161 2778 296 2851; x_wconf 92' lang='lat' dir='ltr'>monita,</span> <span class='ocrx_word' id='word_1_285' title='bbox 332 2781 358 2840; x_wconf 91' lang='lat' dir='ltr'>si</span> <span class='ocrx_word' id='word_1_286' title='bbox 390 2798 455 2840; x_wconf 92' lang='lat' dir='ltr'>non</span> <span class='ocrx_word' id='word_1_287' title='bbox 487 2779 710 2841; x_wconf 87' lang='lat' dir='ltr'>satisfactione</span> <span class='ocrx_word' id='word_1_288' title='bbox 742 2778 980 2853; x_wconf 89' lang='lat' dir='ltr'>emendaverit,</span> <span class='ocrx_word' id='word_1_289' title='bbox 1013 2777 1185 2858; x_wconf 89' lang='lat' dir='ltr'>potestatis</span> <span class='ocrx_word' id='word_1_290' title='bbox 1216 2775 1414 2858; x_wconf 91' lang='lat' dir='ltr'>honorisque</span> <span class='ocrx_word' id='word_1_291' title='bbox 1446 2778 1493 2839; x_wconf 92' lang='lat' dir='ltr'>sui</span> <span class='ocrx_word' id='word_1_292' title='bbox 1524 2778 1683 2859; x_wconf 90' lang='lat' dir='ltr'>dignitate</span> <span class='ocrx_word' id='word_1_293' title='bbox 1716 2788 1834 2852; x_wconf 90' lang='lat' dir='ltr'>careat,</span> 
     </span>
     <span class='ocr_line' id='line_1_29' title="bbox 160 2867 1833 2949; baseline 0.001 -23"><span class='ocrx_word' id='word_1_294' title='bbox 160 2885 314 2946; x_wconf 89' lang='lat' dir='ltr'>reamque</span> <span class='ocrx_word' id='word_1_295' title='bbox 337 2887 373 2930; x_wconf 92' lang='lat' dir='ltr'>se</span> <span class='ocrx_word' id='word_1_296' title='bbox 397 2867 509 2930; x_wconf 90' lang='lat' dir='ltr'>divino</span> <span class='ocrx_word' id='word_1_297' title='bbox 533 2869 652 2930; x_wconf 91' lang='lat' dir='ltr'>iudicio</span> <span class='ocrx_word' id='word_1_298' title='bbox 676 2869 816 2930; x_wconf 89' lang='lat' dir='ltr'>existere</span> <span class='ocrx_word' id='word_1_299' title='bbox 847 2868 889 2929; x_wconf 94' lang='lat' dir='ltr'>de</span> <span class='ocrx_word' id='word_1_300' title='bbox 922 2873 1111 2949; x_wconf 88' lang='lat' dir='ltr'>perpetrata</span> <span class='ocrx_word' id='word_1_301' title='bbox 1141 2867 1310 2944; x_wconf 91' lang='lat' dir='ltr'>iniquitate</span> <span class='ocrx_word' id='word_1_302' title='bbox 1337 2877 1533 2947; x_wconf 88' lang='lat' dir='ltr'>cognoscat,</span> <span class='ocrx_word' id='word_1_303' title='bbox 1564 2876 1663 2946; x_wconf 91' lang='lat' dir='ltr'>atque</span> <span class='ocrx_word' id='word_1_304' title='bbox 1686 2888 1705 2929; x_wconf 90' lang='lat' dir='ltr'>a</span> <span class='ocrx_word' id='word_1_305' title='bbox 1729 2887 1833 2930; x_wconf 88' lang='lat' dir='ltr'>sacra-</span> 
     </span>
     <span class='ocr_line' id='line_1_30' title="bbox 160 2953 1834 3039; baseline 0.002 -23"><span class='ocrx_word' id='word_1_306' title='bbox 160 2956 281 3020; x_wconf 89' lang='lat' dir='ltr'>tissimo</span> <span class='ocrx_word' id='word_1_307' title='bbox 306 2977 445 3039; x_wconf 92' lang='lat' dir='ltr'>corpore</span> <span class='ocrx_word' id='word_1_308' title='bbox 469 2953 529 3039; x_wconf 84' lang='lat' dir='ltr'>(et)</span> <span class='ocrx_word' id='word_1_309' title='bbox 553 2957 709 3039; x_wconf 87' lang='lat' dir='ltr'>sanguine</span> <span class='ocrx_word' id='word_1_310' title='bbox 732 2956 785 3019; x_wconf 93' lang='lat' dir='ltr'>dei</span> <span class='ocrx_word' id='word_1_311' title='bbox 810 2976 847 3019; x_wconf 89' lang='lat' dir='ltr'>ac</span> <span class='ocrx_word' id='word_1_312' title='bbox 871 2958 1005 3030; x_wconf 91' lang='lat' dir='ltr'>domini,</span> <span class='ocrx_word' id='word_1_313' title='bbox 1030 2956 1248 3036; x_wconf 90' lang='lat' dir='ltr'>redemptoris</span> <span class='ocrx_word' id='word_1_314' title='bbox 1272 2958 1373 3017; x_wconf 90' lang='lat' dir='ltr'>nostri</span> <span class='ocrx_word' id='word_1_315' title='bbox 1398 2955 1470 3017; x_wconf 91' lang='lat' dir='ltr'>Iesu</span> <span class='ocrx_word' id='word_1_316' title='bbox 1494 2955 1620 3030; x_wconf 87' lang='lat' dir='ltr'>Christi,</span> <span class='ocrx_word' id='word_1_317' title='bbox 1644 2955 1746 3019; x_wconf 90' lang='lat' dir='ltr'>aliena</span> <span class='ocrx_word' id='word_1_318' title='bbox 1771 2956 1834 3031; x_wconf 86' lang='lat' dir='ltr'>fiat,</span> 
     </span>
     <span class='ocr_line' id='line_1_31' title="bbox 160 3042 1835 3120; baseline 0.001 -14"><span class='ocrx_word' id='word_1_319' title='bbox 160 3048 249 3107; x_wconf 89' lang='lat' dir='ltr'>acin</span> <span class='ocrx_word' id='word_1_320' title='bbox 274 3053 426 3109; x_wconf 88' lang='lat' dir='ltr'>extremo</span> <span class='ocrx_word' id='word_1_321' title='bbox 458 3047 609 3110; x_wconf 86' lang='lat' dir='ltr'>examine</span> <span class='ocrx_word' id='word_1_322' title='bbox 639 3047 787 3108; x_wconf 89' lang='lat' dir='ltr'>districte</span> <span class='ocrx_word' id='word_1_323' title='bbox 818 3045 934 3109; x_wconf 91' lang='lat' dir='ltr'>ultioni</span> <span class='ocrx_word' id='word_1_324' title='bbox 965 3046 1140 3107; x_wconf 90' lang='lat' dir='ltr'>subiaceat.</span> <span class='ocrx_word' id='word_1_325' title='bbox 1188 3042 1319 3107; x_wconf 90' lang='lat' dir='ltr'>Cunctis</span> <span class='ocrx_word' id='word_1_326' title='bbox 1343 3054 1469 3120; x_wconf 89' lang='lat' dir='ltr'>autem,</span> <span class='ocrx_word' id='word_1_327' title='bbox 1503 3046 1610 3108; x_wconf 91' lang='lat' dir='ltr'>eidem</span> <span class='ocrx_word' id='word_1_328' title='bbox 1644 3045 1719 3108; x_wconf 92' lang='lat' dir='ltr'>loco</span> <span class='ocrx_word' id='word_1_329' title='bbox 1752 3046 1835 3108; x_wconf 90' lang='lat' dir='ltr'>iusta</span> 
     </span>
     <span class='ocr_line' id='line_1_32' title="bbox 161 3132 1834 3218; baseline -0.001 -22"><span class='ocrx_word' id='word_1_330' title='bbox 161 3135 372 3211; x_wconf 89' lang='lat' dir='ltr'>servantibus,</span> <span class='ocrx_word' id='word_1_331' title='bbox 404 3138 446 3198; x_wconf 91' lang='lat' dir='ltr'>sit</span> <span class='ocrx_word' id='word_1_332' title='bbox 470 3157 537 3218; x_wconf 89' lang='lat' dir='ltr'>pax</span> <span class='ocrx_word' id='word_1_333' title='bbox 560 3137 683 3198; x_wconf 90' lang='lat' dir='ltr'>domini</span> <span class='ocrx_word' id='word_1_334' title='bbox 708 3137 809 3197; x_wconf 92' lang='lat' dir='ltr'>nostri</span> <span class='ocrx_word' id='word_1_335' title='bbox 834 3135 905 3198; x_wconf 92' lang='lat' dir='ltr'>Iesu</span> <span class='ocrx_word' id='word_1_336' title='bbox 932 3132 1060 3208; x_wconf 89' lang='lat' dir='ltr'>Christi,</span> <span class='ocrx_word' id='word_1_337' title='bbox 1092 3133 1244 3213; x_wconf 90' lang='lat' dir='ltr'>quatinus</span> <span class='ocrx_word' id='word_1_338' title='bbox 1268 3142 1301 3196; x_wconf 91' lang='lat' dir='ltr'>et</span> <span class='ocrx_word' id='word_1_339' title='bbox 1332 3133 1385 3196; x_wconf 94' lang='lat' dir='ltr'>hic</span> <span class='ocrx_word' id='word_1_340' title='bbox 1409 3134 1548 3197; x_wconf 91' lang='lat' dir='ltr'>fructum</span> <span class='ocrx_word' id='word_1_341' title='bbox 1580 3135 1669 3198; x_wconf 90' lang='lat' dir='ltr'>bone</span> <span class='ocrx_word' id='word_1_342' title='bbox 1699 3136 1834 3198; x_wconf 89' lang='lat' dir='ltr'>actionis</span> 
     </span>
     <span class='ocr_line' id='line_1_33' title="bbox 161 3221 1833 3308; baseline -0.001 -21"><span class='ocrx_word' id='word_1_343' title='bbox 161 3227 350 3308; x_wconf 89' lang='lat' dir='ltr'>percipiant,</span> <span class='ocrx_word' id='word_1_344' title='bbox 375 3234 407 3288; x_wconf 93' lang='lat' dir='ltr'>et</span> <span class='ocrx_word' id='word_1_345' title='bbox 430 3227 518 3307; x_wconf 90' lang='lat' dir='ltr'>apud</span> <span class='ocrx_word' id='word_1_346' title='bbox 536 3226 717 3288; x_wconf 88' lang='lat' dir='ltr'>districtum</span> <span class='ocrx_word' id='word_1_347' title='bbox 735 3225 874 3287; x_wconf 92' lang='lat' dir='ltr'>iudicem</span> <span class='ocrx_word' id='word_1_348' title='bbox 892 3224 1015 3306; x_wconf 91' lang='lat' dir='ltr'>premia</span> <span class='ocrx_word' id='word_1_349' title='bbox 1033 3232 1142 3286; x_wconf 87' lang='lat' dir='ltr'>eterne</span> <span class='ocrx_word' id='word_1_350' title='bbox 1160 3224 1248 3304; x_wconf 91' lang='lat' dir='ltr'>pacis</span> <span class='ocrx_word' id='word_1_351' title='bbox 1264 3224 1434 3286; x_wconf 90' lang='lat' dir='ltr'>inveniant.</span> <span class='ocrx_word' id='word_1_352' title='bbox 1472 3224 1591 3287; x_wconf 86' lang='lat' dir='ltr'>Amen.</span> <span class='ocrx_word' id='word_1_353' title='bbox 1607 3260 1650 3270; x_wconf 92' lang='lat'><em>-</em></span> <span class='ocrx_word' id='word_1_354' title='bbox 1667 3221 1833 3307; x_wconf 86' lang='lat' dir='ltr'>Scriptum</span> 
     </span>
     <span class='ocr_line' id='line_1_34' title="bbox 161 3313 1424 3395; baseline -0.002 -19"><span class='ocrx_word' id='word_1_355' title='bbox 161 3334 216 3394; x_wconf 91' lang='lat' dir='ltr'>per</span> <span class='ocrx_word' id='word_1_356' title='bbox 240 3335 356 3378; x_wconf 91' lang='lat' dir='ltr'>manus</span> <span class='ocrx_word' id='word_1_357' title='bbox 378 3315 542 3395; x_wconf 92' lang='lat' dir='ltr'>Reynerii,</span> <span class='ocrx_word' id='word_1_358' title='bbox 567 3317 682 3377; x_wconf 87' lang='lat' dir='ltr'>notarii</span> <span class='ocrx_word' id='word_1_359' title='bbox 707 3323 740 3377; x_wconf 94' lang='lat' dir='ltr'>et</span> <span class='ocrx_word' id='word_1_360' title='bbox 763 3314 935 3395; x_wconf 88' lang='lat' dir='ltr'>regionarii</span> <span class='ocrx_word' id='word_1_361' title='bbox 959 3322 992 3375; x_wconf 90' lang='lat' dir='ltr'>et</span> <span class='ocrx_word' id='word_1_362' title='bbox 1015 3314 1170 3376; x_wconf 89' lang='lat' dir='ltr'>scriniarii</span> <span class='ocrx_word' id='word_1_363' title='bbox 1194 3315 1277 3374; x_wconf 90' lang='lat' dir='ltr'>sacri</span> <span class='ocrx_word' id='word_1_364' title='bbox 1302 3313 1424 3394; x_wconf 91' lang='lat' dir='ltr'>palatii.</span> 
     </span>
    </p>

    <p class='ocr_par' dir='ltr' id='par_1_3' title="bbox 319 3402 1334 3486">
     <span class='ocr_line' id='line_1_35' title="bbox 319 3402 1334 3486; baseline -0.004 -18"><span class='ocrx_word' id='word_1_365' title='bbox 319 3404 393 3486; x_wconf 85' lang='lat' dir='ltr'>Ego</span> <span class='ocrx_word' id='word_1_366' title='bbox 416 3403 578 3468; x_wconf 90' lang='lat' dir='ltr'>Paschalis</span> <span class='ocrx_word' id='word_1_367' title='bbox 602 3402 763 3467; x_wconf 90' lang='lat' dir='ltr'>catholice</span> <span class='ocrx_word' id='word_1_368' title='bbox 788 3402 924 3465; x_wconf 89' lang='lat' dir='ltr'>ecclesie</span> <span class='ocrx_word' id='word_1_369' title='bbox 949 3403 1124 3484; x_wconf 92' lang='lat' dir='ltr'>episcopus</span> <span class='ocrx_word' id='word_1_370' title='bbox 1147 3402 1334 3484; x_wconf 91' lang='lat' dir='ltr'>subscripsi.</span> 
     </span>
    </p>

    <p class='ocr_par' dir='ltr' id='par_1_4' title="bbox 162 3490 1835 3752">
     <span class='ocr_line' id='line_1_36' title="bbox 319 3490 1835 3574; baseline -0.001 -19"><span class='ocrx_word' id='word_1_371' title='bbox 319 3493 441 3556; x_wconf 89' lang='lat' dir='ltr'>Datum</span> <span class='ocrx_word' id='word_1_372' title='bbox 469 3494 576 3556; x_wconf 91' lang='lat' dir='ltr'>Rome</span> <span class='ocrx_word' id='word_1_373' title='bbox 608 3497 638 3556; x_wconf 91' lang='lat' dir='ltr'>in</span> <span class='ocrx_word' id='word_1_374' title='bbox 670 3493 758 3557; x_wconf 92' lang='lat' dir='ltr'>beati</span> <span class='ocrx_word' id='word_1_375' title='bbox 783 3492 868 3555; x_wconf 89' lang='lat' dir='ltr'>Petri</span> <span class='ocrx_word' id='word_1_376' title='bbox 894 3493 1064 3573; x_wconf 91' lang='lat' dir='ltr'>porticum,</span> <span class='ocrx_word' id='word_1_377' title='bbox 1096 3511 1155 3574; x_wconf 92' lang='lat' dir='ltr'>per</span> <span class='ocrx_word' id='word_1_378' title='bbox 1188 3511 1317 3554; x_wconf 91' lang='lat' dir='ltr'>manum</span> <span class='ocrx_word' id='word_1_379' title='bbox 1349 3490 1509 3565; x_wconf 90' lang='lat' dir='ltr'>Iohannis,</span> <span class='ocrx_word' id='word_1_380' title='bbox 1541 3500 1653 3554; x_wconf 91' lang='lat' dir='ltr'>sancte</span> <span class='ocrx_word' id='word_1_381' title='bbox 1685 3490 1835 3554; x_wconf 87' lang='lat' dir='ltr'>Romane</span> 
     </span>
     <span class='ocr_line' id='line_1_37' title="bbox 162 3580 1835 3646; baseline 0.001 -4"><span class='ocrx_word' id='word_1_382' title='bbox 162 3580 296 3644; x_wconf 90' lang='lat' dir='ltr'>ecclesie</span> <span class='ocrx_word' id='word_1_383' title='bbox 327 3584 454 3646; x_wconf 93' lang='lat' dir='ltr'>diaconi</span> <span class='ocrx_word' id='word_1_384' title='bbox 486 3582 665 3645; x_wconf 89' lang='lat' dir='ltr'>cardinalis.</span> <span class='ocrx_word' id='word_1_385' title='bbox 719 3596 768 3646; x_wconf 83' lang='grc' dir='ltr'>Î§Î </span> <span class='ocrx_word' id='word_1_386' title='bbox 792 3580 957 3644; x_wconf 90' lang='lat' dir='ltr'>Kalendas</span> <span class='ocrx_word' id='word_1_387' title='bbox 982 3581 1069 3642; x_wconf 89' lang='lat' dir='ltr'>Maii.</span> <span class='ocrx_word' id='word_1_388' title='bbox 1120 3580 1302 3643; x_wconf 88' lang='lat' dir='ltr'>indictione</span> <span class='ocrx_word' id='word_1_389' title='bbox 1326 3594 1358 3642; x_wconf 87' lang='lat' dir='ltr'>x.</span> <span class='ocrx_word' id='word_1_390' title='bbox 1406 3581 1638 3643; x_wconf 89' lang='lat' dir='ltr'>Incarnationis</span> <span class='ocrx_word' id='word_1_391' title='bbox 1671 3580 1835 3643; x_wconf 91' lang='lat' dir='ltr'>dominice</span> 
     </span>
     <span class='ocr_line' id='line_1_38' title="bbox 162 3669 1531 3752; baseline -0.001 -21"><span class='ocrx_word' id='word_1_392' title='bbox 162 3691 244 3732; x_wconf 90' lang='lat' dir='ltr'>anno</span> <span class='ocrx_word' id='word_1_393' title='bbox 269 3683 369 3736; x_wconf 75' lang='lat' dir='ltr'>MCIH.</span> <span class='ocrx_word' id='word_1_394' title='bbox 416 3671 626 3736; x_wconf 88' lang='lat' dir='ltr'>Pontificatus</span> <span class='ocrx_word' id='word_1_395' title='bbox 649 3680 759 3734; x_wconf 91' lang='lat' dir='ltr'>autem</span> <span class='ocrx_word' id='word_1_396' title='bbox 783 3671 895 3733; x_wconf 92' lang='lat' dir='ltr'>domni</span> <span class='ocrx_word' id='word_1_397' title='bbox 920 3669 1082 3732; x_wconf 92' lang='lat' dir='ltr'>Paschalis</span> <span class='ocrx_word' id='word_1_398' title='bbox 1107 3689 1193 3752; x_wconf 90' lang='lat' dir='ltr'>pape</span> <span class='ocrx_word' id='word_1_399' title='bbox 1216 3670 1351 3732; x_wconf 92' lang='lat' dir='ltr'>secundi</span> <span class='ocrx_word' id='word_1_400' title='bbox 1375 3690 1461 3731; x_wconf 91' lang='lat' dir='ltr'>anno</span> <span class='ocrx_word' id='word_1_401' title='bbox 1486 3685 1531 3732; x_wconf 87' lang='lat'>111.</span> 
     </span>
    </p>
   </div>
   <div class='ocr_carea' id='block_1_3' title="bbox 318 3783 1744 3850">
    <p class='ocr_par' dir='ltr' id='par_1_5' title="bbox 318 3783 1744 3850">
     <span class='ocr_line' id='line_1_39' title="bbox 318 3783 1744 3850; baseline -0.004 -14"><span class='ocrx_word' id='word_1_402' title='bbox 318 3786 442 3850; x_wconf 79' lang='lat' dir='ltr'>Abrchrr&#39;st</span> <span class='ocrx_word' id='word_1_403' title='bbox 459 3787 498 3834; x_wconf 86' lang='lat' dir='ltr'>des</span> <span class='ocrx_word' id='word_1_404' title='bbox 520 3786 630 3840; x_wconf 80' lang='lat' dir='ltr'>chartul.</span> <span class='ocrx_word' id='word_1_405' title='bbox 650 3786 675 3836; x_wconf 88' lang='lat' dir='ltr'>S.</span> <span class='ocrx_word' id='word_1_406' title='bbox 699 3787 764 3835; x_wconf 81' lang='lat' dir='ltr'>Petri</span> <span class='ocrx_word' id='word_1_407' title='bbox 780 3786 807 3834; x_wconf 86' lang='lat' dir='ltr'>de</span> <span class='ocrx_word' id='word_1_408' title='bbox 826 3784 915 3843; x_wconf 77' lang='lat' dir='ltr'>Monte,</span> <span class='ocrx_word' id='word_1_409' title='bbox 936 3783 991 3832; x_wconf 88' lang='lat' dir='ltr'>MS.</span> <span class='ocrx_word' id='word_1_410' title='bbox 1011 3786 1053 3832; x_wconf 82' lang='lat' dir='ltr'>lat.</span> <span class='ocrx_word' id='word_1_411' title='bbox 1076 3786 1162 3833; x_wconf 74' lang='lat'><strong><em>19866</em></strong></span> <span class='ocrx_word' id='word_1_412' title='bbox 1172 3785 1223 3847; x_wconf 81' lang='lat' dir='ltr'>sol.</span> <span class='ocrx_word' id='word_1_413' title='bbox 1243 3787 1266 3843; x_wconf 71' lang='lat'>4,</span> <span class='ocrx_word' id='word_1_414' title='bbox 1286 3785 1311 3831; x_wconf 84' lang='lat' dir='ltr'>r&#39;n</span> <span class='ocrx_word' id='word_1_415' title='bbox 1330 3785 1372 3832; x_wconf 85' lang='lat' dir='ltr'>der</span> <span class='ocrx_word' id='word_1_416' title='bbox 1389 3785 1452 3832; x_wconf 83' lang='lat' dir='ltr'>Bibl.</span> <span class='ocrx_word' id='word_1_417' title='bbox 1472 3784 1600 3832; x_wconf 84' lang='lat' dir='ltr'>Naliorrale</span> <span class='ocrx_word' id='word_1_418' title='bbox 1617 3801 1646 3832; x_wconf 80' lang='lat' dir='ltr'>au</span> <span class='ocrx_word' id='word_1_419' title='bbox 1666 3783 1744 3832; x_wconf 70' lang='lat' dir='ltr'>Puris.</span> 
     </span>
    </p>
   </div>
   <div class='ocr_carea' id='block_1_4' title="bbox 912 4085 1072 4162">
    <p class='ocr_par' dir='ltr' id='par_1_6' title="bbox 912 4085 1072 4196">
     <span class='ocr_line' id='line_1_40' title="bbox 912 4085 1072 4162; baseline -0.006 0"><span class='ocrx_word' id='word_1_420' title='bbox 912 4085 978 4162; x_wconf 65' lang='grc' dir='ltr'>ÎÎ¥.</span> <span class='ocrx_word' id='word_1_421' title='bbox 1010 4090 1072 4161; x_wconf 90' lang='grc'>30.</span> 
     </span>
    </p>
   </div>
   <div class='ocr_carea' id='block_1_5' title="bbox 162 4234 1837 4409">
    <p class='ocr_par' dir='ltr' id='par_1_7' title="bbox 162 4234 1837 4409">
     <span class='ocr_line' id='line_1_41' title="bbox 162 4234 1837 4323; baseline -0.004 -19"><span class='ocrx_word' id='word_1_422' title='bbox 162 4240 332 4306; x_wconf 76' lang='lat' dir='ltr'>Paschalis</span> <span class='ocrx_word' id='word_1_423' title='bbox 349 4241 393 4305; x_wconf 86' lang='lat' dir='ltr'>Il</span> <span class='ocrx_word' id='word_1_424' title='bbox 404 4240 554 4323; x_wconf 72' lang='lat' dir='ltr'>bestiitrgt</span> <span class='ocrx_word' id='word_1_425' title='bbox 566 4241 639 4303; x_wconf 83' lang='lat' dir='ltr'>dem</span> <span class='ocrx_word' id='word_1_426' title='bbox 658 4236 789 4303; x_wconf 82' lang='lat' dir='ltr'>Klosler</span> <span class='ocrx_word' id='word_1_427' title='bbox 802 4237 986 4302; x_wconf 65' lang='lat' dir='ltr'>Sta-croix</span> <span class='ocrx_word' id='word_1_428' title='bbox 999 4238 1039 4300; x_wconf 84' lang='lat' dir='ltr'>de</span> <span class='ocrx_word' id='word_1_429' title='bbox 1055 4236 1227 4299; x_wconf 82' lang='lat' dir='ltr'>Bordeaux</span> <span class='ocrx_word' id='word_1_430' title='bbox 1240 4235 1294 4299; x_wconf 84' lang='lat' dir='ltr'>die</span> <span class='ocrx_word' id='word_1_431' title='bbox 1309 4236 1492 4321; x_wconf 80' lang='lat' dir='ltr'>Brilegung</span> <span class='ocrx_word' id='word_1_432' title='bbox 1505 4237 1608 4299; x_wconf 83' lang='lat' dir='ltr'>seines</span> <span class='ocrx_word' id='word_1_433' title='bbox 1624 4234 1759 4299; x_wconf 66' lang='lat' dir='ltr'>Sirenes</span> <span class='ocrx_word' id='word_1_434' title='bbox 1776 4237 1837 4299; x_wconf 86' lang='lat' dir='ltr'>mit</span> 
     </span>
     <span class='ocr_line' id='line_1_42' title="bbox 539 4324 1458 4409; baseline -0.007 -16"><span class='ocrx_word' id='word_1_435' title='bbox 539 4330 612 4393; x_wconf 82' lang='lat' dir='ltr'>dem</span> <span class='ocrx_word' id='word_1_436' title='bbox 630 4327 759 4393; x_wconf 82' lang='lat' dir='ltr'>Kloster</span> <span class='ocrx_word' id='word_1_437' title='bbox 774 4325 1260 4409; x_wconf 73' lang='lat' dir='ltr'>Sr-Sever-cap-de-Gascogne</span> <span class='ocrx_word' id='word_1_438' title='bbox 1274 4324 1334 4407; x_wconf 87' lang='lat' dir='ltr'>(D.</span> <span class='ocrx_word' id='word_1_439' title='bbox 1352 4324 1458 4403; x_wconf 78' lang='lat' dir='ltr'>Aire).</span> 
     </span>
    </p>
   </div>
   <div class='ocr_carea' id='block_1_6' title="bbox 736 4461 1256 4526">
    <p class='ocr_par' dir='ltr' id='par_1_8' title="bbox 736 4461 1256 4526">
     <span class='ocr_line' id='line_1_43' title="bbox 736 4461 1256 4526; baseline -0.004 -1"><span class='ocrx_word' id='word_1_440' title='bbox 736 4465 820 4526; x_wconf 83' lang='lat'><strong><em>1103</em></strong></span> <span class='ocrx_word' id='word_1_441' title='bbox 837 4461 1018 4524; x_wconf 77' lang='lat' dir='ltr'>November</span> <span class='ocrx_word' id='word_1_442' title='bbox 1034 4463 1062 4522; x_wconf 80' lang='lat'>7.</span> <span class='ocrx_word' id='word_1_443' title='bbox 1102 4461 1256 4523; x_wconf 83' lang='lat' dir='ltr'>Lateran.</span> 
     </span>
    </p>
   </div>
   <div class='ocr_carea' id='block_1_7' title="bbox 161 4590 1836 5817">
    <p class='ocr_par' dir='ltr' id='par_1_9' title="bbox 161 4590 1836 5732">
     <span class='ocr_line' id='line_1_44' title="bbox 318 4590 1834 4682; baseline -0.006 -21"><span class='ocrx_word' id='word_1_444' title='bbox 318 4597 481 4662; x_wconf 90' lang='lat' dir='ltr'>Paschalis</span> <span class='ocrx_word' id='word_1_445' title='bbox 505 4618 591 4682; x_wconf 89' lang='lat' dir='ltr'>papa</span> <span class='ocrx_word' id='word_1_446' title='bbox 623 4596 784 4660; x_wconf 92' lang='lat' dir='ltr'>secundus</span> <span class='ocrx_word' id='word_1_447' title='bbox 813 4595 992 4659; x_wconf 79' lang='lat' dir='ltr'>notificavit</span> <span class='ocrx_word' id='word_1_448' title='bbox 1015 4594 1142 4656; x_wconf 90' lang='lat' dir='ltr'>dilectis</span> <span class='ocrx_word' id='word_1_449' title='bbox 1173 4592 1244 4655; x_wconf 90' lang='lat' dir='ltr'>filiis</span> <span class='ocrx_word' id='word_1_450' title='bbox 1275 4595 1350 4668; x_wconf 91' lang='lat' dir='ltr'>suis,</span> <span class='ocrx_word' id='word_1_451' title='bbox 1375 4591 1542 4655; x_wconf 89' lang='lat' dir='ltr'>monachis</span> <span class='ocrx_word' id='word_1_452' title='bbox 1565 4600 1698 4654; x_wconf 93' lang='lat' dir='ltr'>sanctae</span> <span class='ocrx_word' id='word_1_453' title='bbox 1723 4590 1834 4654; x_wconf 88' lang='lat' dir='ltr'>Crucis</span> 
     </span>
     <span class='ocr_line' id='line_1_45' title="bbox 162 4680 1836 4769; baseline -0.004 -20"><span class='ocrx_word' id='word_1_454' title='bbox 162 4685 418 4769; x_wconf 89' lang='lat' dir='ltr'>Burdegalcnsis,</span> <span class='ocrx_word' id='word_1_455' title='bbox 442 4687 548 4762; x_wconf 87' lang='lat' dir='ltr'>finem,</span> <span class='ocrx_word' id='word_1_456' title='bbox 573 4706 670 4768; x_wconf 91' lang='lat' dir='ltr'>quem</span> <span class='ocrx_word' id='word_1_457' title='bbox 687 4685 820 4766; x_wconf 92' lang='lat' dir='ltr'>querela</span> <span class='ocrx_word' id='word_1_458' title='bbox 845 4687 927 4747; x_wconf 92' lang='lat' dir='ltr'>inter</span> <span class='ocrx_word' id='word_1_459' title='bbox 943 4687 1088 4766; x_wconf 91' lang='lat' dir='ltr'>ipsorum</span> <span class='ocrx_word' id='word_1_460' title='bbox 1106 4691 1140 4744; x_wconf 90' lang='lat' dir='ltr'>et</span> <span class='ocrx_word' id='word_1_461' title='bbox 1162 4683 1262 4744; x_wconf 88' lang='lat' dir='ltr'>sancti</span> <span class='ocrx_word' id='word_1_462' title='bbox 1279 4682 1391 4746; x_wconf 90' lang='lat' dir='ltr'>Severi</span> <span class='ocrx_word' id='word_1_463' title='bbox 1408 4682 1604 4743; x_wconf 90' lang='lat' dir='ltr'>monasteria</span> <span class='ocrx_word' id='word_1_464' title='bbox 1621 4701 1682 4762; x_wconf 92' lang='lat' dir='ltr'>pro</span> <span class='ocrx_word' id='word_1_465' title='bbox 1699 4680 1836 4743; x_wconf 93' lang='lat' dir='ltr'>ecclesia</span> 
     </span>
     <span class='ocr_line' id='line_1_46' title="bbox 161 4769 1834 4855; baseline -0.003 -18"><span class='ocrx_word' id='word_1_466' title='bbox 161 4785 290 4839; x_wconf 89' lang='lat' dir='ltr'>sanctae</span> <span class='ocrx_word' id='word_1_467' title='bbox 307 4777 429 4840; x_wconf 90' lang='lat' dir='ltr'>Mariae</span> <span class='ocrx_word' id='word_1_468' title='bbox 453 4777 495 4840; x_wconf 92' lang='lat' dir='ltr'>de</span> <span class='ocrx_word' id='word_1_469' title='bbox 511 4773 640 4850; x_wconf 87' lang='lat' dir='ltr'>Solac0,</span> <span class='ocrx_word' id='word_1_470' title='bbox 666 4776 744 4839; x_wconf 93' lang='lat' dir='ltr'>olim</span> <span class='ocrx_word' id='word_1_471' title='bbox 768 4775 822 4837; x_wconf 92' lang='lat' dir='ltr'>diu</span> <span class='ocrx_word' id='word_1_472' title='bbox 847 4775 977 4855; x_wconf 90' lang='lat' dir='ltr'>agitata,</span> <span class='ocrx_word' id='word_1_473' title='bbox 1002 4780 1035 4834; x_wconf 91' lang='lat' dir='ltr'>et</span> <span class='ocrx_word' id='word_1_474' title='bbox 1058 4793 1117 4855; x_wconf 91' lang='lat' dir='ltr'>per</span> <span class='ocrx_word' id='word_1_475' title='bbox 1133 4770 1302 4834; x_wconf 89' lang='lat' dir='ltr'>Romanae</span> <span class='ocrx_word' id='word_1_476' title='bbox 1326 4771 1483 4834; x_wconf 92' lang='lat' dir='ltr'>ecclesiae</span> <span class='ocrx_word' id='word_1_477' title='bbox 1506 4770 1651 4843; x_wconf 90' lang='lat' dir='ltr'>vicarios,</span> <span class='ocrx_word' id='word_1_478' title='bbox 1675 4769 1834 4832; x_wconf 89' lang='lat' dir='ltr'>Amatum</span> 
     </span>
     <span class='ocr_line' id='line_1_47' title="bbox 163 4858 1835 4949; baseline -0.004 -22"><span class='ocrx_word' id='word_1_479' title='bbox 163 4863 354 4929; x_wconf 86' lang='lat' dir='ltr'>Olorensem</span> <span class='ocrx_word' id='word_1_480' title='bbox 380 4875 412 4929; x_wconf 89' lang='lat' dir='ltr'>et</span> <span class='ocrx_word' id='word_1_481' title='bbox 436 4866 612 4949; x_wconf 90' lang='lat' dir='ltr'>Hugonem</span> <span class='ocrx_word' id='word_1_482' title='bbox 633 4868 665 4941; x_wconf 87' lang='lat'>Â¹),</span> <span class='ocrx_word' id='word_1_483' title='bbox 694 4874 772 4927; x_wconf 93' lang='lat' dir='ltr'>tunc</span> <span class='ocrx_word' id='word_1_484' title='bbox 796 4864 950 4926; x_wconf 89' lang='lat' dir='ltr'>Diensem</span> <span class='ocrx_word' id='word_1_485' title='bbox 985 4863 1168 4944; x_wconf 90' lang='lat' dir='ltr'>episcopos,</span> <span class='ocrx_word' id='word_1_486' title='bbox 1200 4861 1229 4922; x_wconf 93' lang='lat' dir='ltr'>in</span> <span class='ocrx_word' id='word_1_487' title='bbox 1264 4858 1493 4943; x_wconf 86' lang='lat' dir='ltr'>Burdegalensi</span> <span class='ocrx_word' id='word_1_488' title='bbox 1523 4858 1658 4921; x_wconf 90' lang='lat' dir='ltr'>concilio</span> <span class='ocrx_word' id='word_1_489' title='bbox 1677 4860 1704 4936; x_wconf 79' lang='lat'>Â²)</span> <span class='ocrx_word' id='word_1_490' title='bbox 1737 4858 1835 4932; x_wconf 89' lang='lat' dir='ltr'>finita,</span> 
     </span>
     <span class='ocr_line' id='line_1_48' title="bbox 161 4949 1835 5039; baseline -0.002 -24"><span class='ocrx_word' id='word_1_491' title='bbox 161 4955 189 5017; x_wconf 92' lang='lat' dir='ltr'>in</span> <span class='ocrx_word' id='word_1_492' title='bbox 212 4957 336 5039; x_wconf 91' lang='lat' dir='ltr'>palatio</span> <span class='ocrx_word' id='word_1_493' title='bbox 360 4956 571 5019; x_wconf 89' lang='lat' dir='ltr'>Lateranensi</span> <span class='ocrx_word' id='word_1_494' title='bbox 594 4955 624 5016; x_wconf 94' lang='lat' dir='ltr'>in</span> <span class='ocrx_word' id='word_1_495' title='bbox 649 4955 748 5037; x_wconf 89' lang='lat' dir='ltr'>ipsius</span> <span class='ocrx_word' id='word_1_496' title='bbox 772 4953 955 5035; x_wconf 89' lang='lat' dir='ltr'>praesentia</span> <span class='ocrx_word' id='word_1_497' title='bbox 978 4959 1176 5032; x_wconf 86' lang='lat' dir='ltr'>susceperat.</span> <span class='ocrx_word' id='word_1_498' title='bbox 1223 4949 1304 5012; x_wconf 89' lang='lat' dir='ltr'>Cum</span> <span class='ocrx_word' id='word_1_499' title='bbox 1329 4950 1431 5012; x_wconf 90' lang='lat' dir='ltr'>Fulco</span> <span class='ocrx_word' id='word_1_500' title='bbox 1459 4951 1557 5011; x_wconf 90' lang='lat' dir='ltr'>vestri</span> <span class='ocrx_word' id='word_1_501' title='bbox 1591 4950 1778 5010; x_wconf 91' lang='lat' dir='ltr'>monasterii</span> <span class='ocrx_word' id='word_1_502' title='bbox 1803 4957 1835 5011; x_wconf 90' lang='lat' dir='ltr'>et</span> 
     </span>
     <span class='ocr_line' id='line_1_49' title="bbox 162 5037 1835 5123; baseline -0.004 -17"><span class='ocrx_word' id='word_1_503' title='bbox 162 5042 296 5108; x_wconf 89' lang='lat' dir='ltr'>Suavius</span> <span class='ocrx_word' id='word_1_504' title='bbox 318 5047 423 5108; x_wconf 85' lang='lat' dir='ltr'>sancti</span> <span class='ocrx_word' id='word_1_505' title='bbox 447 5043 560 5108; x_wconf 92' lang='lat' dir='ltr'>Severi</span> <span class='ocrx_word' id='word_1_506' title='bbox 583 5045 732 5118; x_wconf 72' lang='lat' dir='ltr'>abbates</span> <span class='ocrx_word' id='word_1_507' title='bbox 756 5044 870 5123; x_wconf 89' lang='lat' dir='ltr'>inquit,</span> <span class='ocrx_word' id='word_1_508' title='bbox 894 5049 1083 5123; x_wconf 88' lang='lat' dir='ltr'>praesentes</span> <span class='ocrx_word' id='word_1_509' title='bbox 1107 5039 1282 5114; x_wconf 87' lang='lat' dir='ltr'>affuissent,</span> <span class='ocrx_word' id='word_1_510' title='bbox 1311 5038 1436 5102; x_wconf 90' lang='lat' dir='ltr'>relectis</span> <span class='ocrx_word' id='word_1_511' title='bbox 1459 5038 1587 5100; x_wconf 94' lang='lat' dir='ltr'>illorum</span> <span class='ocrx_word' id='word_1_512' title='bbox 1613 5037 1835 5099; x_wconf 90' lang='lat' dir='ltr'>instrumentis</span> 
     </span>
     <span class='ocr_line' id='line_1_50' title="bbox 162 5129 1835 5218; baseline -0.005 -21"><span class='ocrx_word' id='word_1_513' title='bbox 162 5144 192 5197; x_wconf 90' lang='lat' dir='ltr'>et</span> <span class='ocrx_word' id='word_1_514' title='bbox 221 5135 410 5218; x_wconf 89' lang='lat' dir='ltr'>diligentius</span> <span class='ocrx_word' id='word_1_515' title='bbox 443 5134 613 5216; x_wconf 69' lang='lat' dir='ltr'>indagatis</span> <span class='ocrx_word' id='word_1_516' title='bbox 647 5135 823 5195; x_wconf 90' lang='lat' dir='ltr'>iudicatum</span> <span class='ocrx_word' id='word_1_517' title='bbox 854 5138 904 5192; x_wconf 93' lang='lat' dir='ltr'>est</span> <span class='ocrx_word' id='word_1_518' title='bbox 935 5151 953 5192; x_wconf 92' lang='lat' dir='ltr'>a</span> <span class='ocrx_word' id='word_1_519' title='bbox 985 5129 1138 5192; x_wconf 89' lang='lat' dir='ltr'>fratribus</span> <span class='ocrx_word' id='word_1_520' title='bbox 1169 5131 1287 5191; x_wconf 91' lang='lat' dir='ltr'>nostris</span> <span class='ocrx_word' id='word_1_521' title='bbox 1321 5129 1502 5210; x_wconf 91' lang='lat' dir='ltr'>episcopis,</span> <span class='ocrx_word' id='word_1_522' title='bbox 1533 5129 1589 5208; x_wconf 93' lang='lat' dir='ltr'>qui</span> <span class='ocrx_word' id='word_1_523' title='bbox 1621 5129 1651 5188; x_wconf 93' lang='lat' dir='ltr'>in</span> <span class='ocrx_word' id='word_1_524' title='bbox 1684 5134 1835 5208; x_wconf 89' lang='lat' dir='ltr'>tempore</span> 
     </span>
     <span class='ocr_line' id='line_1_51' title="bbox 162 5215 1835 5306; baseline -0.005 -20"><span class='ocrx_word' id='word_1_525' title='bbox 162 5225 304 5300; x_wconf 89' lang='lat' dir='ltr'>aderant,</span> <span class='ocrx_word' id='word_1_526' title='bbox 328 5233 361 5287; x_wconf 93' lang='lat' dir='ltr'>et</span> <span class='ocrx_word' id='word_1_527' title='bbox 377 5224 565 5306; x_wconf 88' lang='lat' dir='ltr'>presbiteris</span> <span class='ocrx_word' id='word_1_528' title='bbox 589 5221 817 5295; x_wconf 91' lang='lat' dir='ltr'>cardinalibus,</span> <span class='ocrx_word' id='word_1_529' title='bbox 840 5220 962 5283; x_wconf 90' lang='lat' dir='ltr'>debere</span> <span class='ocrx_word' id='word_1_530' title='bbox 985 5218 1212 5281; x_wconf 85' lang='lat' dir='ltr'>diffinitionem</span> <span class='ocrx_word' id='word_1_531' title='bbox 1237 5217 1334 5291; x_wconf 91' lang='lat' dir='ltr'>illam,</span> <span class='ocrx_word' id='word_1_532' title='bbox 1358 5236 1442 5297; x_wconf 93' lang='lat' dir='ltr'>quae</span> <span class='ocrx_word' id='word_1_533' title='bbox 1467 5235 1525 5299; x_wconf 92' lang='lat' dir='ltr'>per</span> <span class='ocrx_word' id='word_1_534' title='bbox 1549 5216 1684 5278; x_wconf 91' lang='lat' dir='ltr'>eosdem</span> <span class='ocrx_word' id='word_1_535' title='bbox 1708 5215 1835 5296; x_wconf 91' lang='lat' dir='ltr'>legatos</span> 
     </span>
     <span class='ocr_line' id='line_1_52' title="bbox 162 5304 1835 5395; baseline -0.005 -21"><span class='ocrx_word' id='word_1_536' title='bbox 162 5313 245 5377; x_wconf 88' lang='lat' dir='ltr'>facta</span> <span class='ocrx_word' id='word_1_537' title='bbox 268 5314 383 5389; x_wconf 90' lang='lat' dir='ltr'>fuerat,</span> <span class='ocrx_word' id='word_1_538' title='bbox 407 5314 508 5376; x_wconf 93' lang='lat' dir='ltr'>robur</span> <span class='ocrx_word' id='word_1_539' title='bbox 530 5320 726 5395; x_wconf 90' lang='lat' dir='ltr'>perpetuum</span> <span class='ocrx_word' id='word_1_540' title='bbox 743 5310 901 5373; x_wconf 91' lang='lat' dir='ltr'>obtinere.</span> <span class='ocrx_word' id='word_1_541' title='bbox 949 5307 993 5370; x_wconf 91' lang='lat' dir='ltr'>Et</span> <span class='ocrx_word' id='word_1_542' title='bbox 1016 5328 1075 5370; x_wconf 93' lang='lat' dir='ltr'>nos</span> <span class='ocrx_word' id='word_1_543' title='bbox 1096 5327 1184 5388; x_wconf 91' lang='lat' dir='ltr'>ergo,</span> <span class='ocrx_word' id='word_1_544' title='bbox 1209 5309 1419 5387; x_wconf 92' lang='lat' dir='ltr'>prosequitur</span> <span class='ocrx_word' id='word_1_545' title='bbox 1435 5306 1596 5388; x_wconf 87' lang='lat' dir='ltr'>pontifex,</span> <span class='ocrx_word' id='word_1_546' title='bbox 1620 5307 1725 5387; x_wconf 91' lang='lat' dir='ltr'>ipsam</span> <span class='ocrx_word' id='word_1_547' title='bbox 1742 5304 1835 5366; x_wconf 93' lang='lat' dir='ltr'>huius</span> 
     </span>
     <span class='ocr_line' id='line_1_53' title="bbox 161 5393 1834 5471; baseline -0.006 -6"><span class='ocrx_word' id='word_1_548' title='bbox 161 5402 223 5466; x_wconf 93' lang='lat' dir='ltr'>litis</span> <span class='ocrx_word' id='word_1_549' title='bbox 247 5405 449 5467; x_wconf 91' lang='lat' dir='ltr'>decisionem</span> <span class='ocrx_word' id='word_1_550' title='bbox 474 5411 585 5465; x_wconf 91' lang='lat' dir='ltr'>nostra</span> <span class='ocrx_word' id='word_1_551' title='bbox 607 5402 787 5463; x_wconf 86' lang='lat' dir='ltr'>assertione</span> <span class='ocrx_word' id='word_1_552' title='bbox 804 5398 979 5471; x_wconf 87' lang='lat' dir='ltr'>firmantes,</span> <span class='ocrx_word' id='word_1_553' title='bbox 1003 5398 1174 5471; x_wconf 91' lang='lat' dir='ltr'>sancimus,</span> <span class='ocrx_word' id='word_1_554' title='bbox 1198 5395 1349 5458; x_wconf 91' lang='lat' dir='ltr'>eamdem</span> <span class='ocrx_word' id='word_1_555' title='bbox 1375 5403 1508 5458; x_wconf 92' lang='lat' dir='ltr'>sanctae</span> <span class='ocrx_word' id='word_1_556' title='bbox 1525 5395 1649 5457; x_wconf 91' lang='lat' dir='ltr'>Mariae</span> <span class='ocrx_word' id='word_1_557' title='bbox 1665 5393 1834 5456; x_wconf 90' lang='lat' dir='ltr'>ecclesiam</span> 
     </span>
     <span class='ocr_line' id='line_1_54' title="bbox 322 5588 1834 5664; baseline -0.008 -17"><span class='ocrx_word' id='word_1_558' title='bbox 322 5600 346 5664; x_wconf 84' lang='lat'>1)</span> <span class='ocrx_word' id='word_1_559' title='bbox 366 5597 478 5663; x_wconf 77' lang='lat' dir='ltr'>Hugol,</span> <span class='ocrx_word' id='word_1_560' title='bbox 505 5595 609 5660; x_wconf 73' lang='lat' dir='ltr'>Birthas</span> <span class='ocrx_word' id='word_1_561' title='bbox 629 5610 676 5644; x_wconf 84' lang='lat' dir='ltr'>von</span> <span class='ocrx_word' id='word_1_562' title='bbox 701 5595 763 5652; x_wconf 83' lang='lat' dir='ltr'>Dic,</span> <span class='ocrx_word' id='word_1_563' title='bbox 790 5593 971 5642; x_wconf 66' lang='lat' dir='ltr'>rora-1092.</span> <span class='ocrx_word' id='word_1_564' title='bbox 1081 5596 1108 5657; x_wconf 86' lang='lat'>2)</span> <span class='ocrx_word' id='word_1_565' title='bbox 1132 5591 1209 5655; x_wconf 82' lang='lat' dir='ltr'>Vergl.</span> <span class='ocrx_word' id='word_1_566' title='bbox 1235 5589 1272 5639; x_wconf 83' lang='lat' dir='ltr'>die</span> <span class='ocrx_word' id='word_1_567' title='bbox 1290 5590 1422 5656; x_wconf 78' lang='lat' dir='ltr'>Beilegung</span> <span class='ocrx_word' id='word_1_568' title='bbox 1443 5606 1491 5638; x_wconf 82' lang='lat' dir='ltr'>von</span> <span class='ocrx_word' id='word_1_569' title='bbox 1515 5588 1685 5653; x_wconf 62' lang='lat' dir='ltr'>Strer&#39;tgkeitm</span> <span class='ocrx_word' id='word_1_570' title='bbox 1710 5590 1761 5651; x_wconf 68' lang='lat' dir='ltr'>mas</span> <span class='ocrx_word' id='word_1_571' title='bbox 1781 5589 1834 5636; x_wconf 82' lang='lat' dir='ltr'>dem</span> 
     </span>
     <span class='ocr_line' id='line_1_55' title="bbox 161 5663 1170 5732; baseline -0.004 -13"><span class='ocrx_word' id='word_1_572' title='bbox 161 5669 257 5719; x_wconf 76' lang='lat' dir='ltr'>Konzr&#39;le</span> <span class='ocrx_word' id='word_1_573' title='bbox 273 5686 323 5719; x_wconf 79' lang='lat' dir='ltr'>von</span> <span class='ocrx_word' id='word_1_574' title='bbox 342 5669 472 5718; x_wconf 77' lang='lat' dir='ltr'>Bordeaux</span> <span class='ocrx_word' id='word_1_575' title='bbox 488 5670 521 5718; x_wconf 79' lang='lat' dir='ltr'>im</span> <span class='ocrx_word' id='word_1_576' title='bbox 544 5667 624 5732; x_wconf 78' lang='lat' dir='ltr'>Jahn</span> <span class='ocrx_word' id='word_1_577' title='bbox 642 5667 719 5716; x_wconf 81' lang='lat'>1098.</span> <span class='ocrx_word' id='word_1_578' title='bbox 757 5664 857 5731; x_wconf 78' lang='lat' dir='ltr'>Eurycl.</span> <span class='ocrx_word' id='word_1_579' title='bbox 876 5664 971 5730; x_wconf 80' lang='lat' dir='ltr'>theolog.</span> <span class='ocrx_word' id='word_1_580' title='bbox 983 5663 1056 5712; x_wconf 85' lang='lat' dir='ltr'><em>XIII</em></span> <span class='ocrx_word' id='word_1_581' title='bbox 1063 5671 1090 5727; x_wconf 82' lang='lat' dir='ltr'>p.</span> <span class='ocrx_word' id='word_1_582' title='bbox 1111 5663 1170 5715; x_wconf 73' lang='lat'>344.</span> 
     </span>
    </p>

    <p class='ocr_par' dir='ltr' id='par_1_10' title="bbox 210 5754 1624 5817">
     <span class='ocr_line' id='line_1_56' title="bbox 210 5754 1624 5817; baseline -0.009 -9"><span class='ocrx_word' id='word_1_583' title='bbox 210 5780 230 5808; x_wconf 82' lang='lat' dir='ltr'>v.</span> <span class='ocrx_word' id='word_1_584' title='bbox 244 5766 539 5817; x_wconf 49' lang='lat' dir='ltr'>Filena-Hermum</span> <span class='ocrx_word' id='word_1_585' title='bbox 555 5764 613 5805; x_wconf 74' lang='lat' dir='ltr'>Aeta</span> <span class='ocrx_word' id='word_1_586' title='bbox 626 5763 668 5804; x_wconf 79' lang='lat'>11Â¹.</span> <span class='ocrx_word' id='word_1_587' title='bbox 1607 5754 1624 5800; x_wconf 87' lang='lat'>4</span> 
     </span>
    </p>
   </div>
   <div class='ocr_carea' id='block_1_8' title="bbox 0 0 2004 6194">
    <p class='ocr_par' dir='ltr' id='par_1_11' title="bbox 0 0 2004 6194">
     <span class='ocr_line' id='line_1_57' title="bbox 0 0 2004 6194; baseline 0 0"><span class='ocrx_word' id='word_1_588' title='bbox 0 0 2004 6194; x_wconf 95' lang='lat' dir='ltr'> </span> 
     </span>
    </p>
   </div>
  </div>
 </body>
</html>
