3974 6188
998 413 1065 489 Nr.
1097 417 1158 490 51.

247 543 385 609 Calestin
401 543 446 608 II
465 543 582 606 nimmt
599 542 661 607 das
678 541 808 608 Kloster
826 543 896 609 San
916 543 1084 611 Salvatore
1099 547 1156 611 del
1168 547 1383 611 Montamiata
1403 545 1462 626 (D.
1485 544 1616 631 Chiusi)
1638 543 1673 609 in
1687 543 1921 629 apostolischen

242 632 359 698 Schutz
388 632 458 695 und
491 631 646 718 bestatigt
672 633 760 697 scine
790 632 892 698 Griter
925 636 995 698 und
1016 636 1148 714 Rechte,
1176 638 1282 717 masur
1301 633 1449 720 jdhrliclz
1479 636 1564 699 zwei
1589 635 1771 718 Byzanmr
1797 634 1923 698 audie

829 722 934 787 Kurie
958 746 999 788 au
1023 726 1198 790 eutriclzten
1213 727 1292 790 sind
1308 729 1343 807 ¹).

829 860 913 920 1144
930 858 1081 924 Februar
1093 864 1150 925 23.
1183 861 1333 924 Lateran.

401 990 582 1055 Celestinus
594 991 778 1074 episcopus,
795 1014 906 1057 servus
918 1016 1085 1059 servorum
1098 997 1160 1072 dei,
1177 997 1304 1059 dilectis
1316 995 1390 1057 filiis
1400 994 1535 1057 Falconi
1547 1009 1584 1071 a),
1597 993 1711 1056 abbati
1723 992 1924 1055 venerabilis

243 1083 430 1144 monasterii
453 1083 558 1145 sancti
581 1081 761 1145 Salvatoris
785 1082 827 1145 de
843 1084 958 1147 Monte
975 1083 1121 1162 Amiato‚
1146 1087 1280 1167 eiusque
1303 1085 1464 1159 iratribus,
1489 1094 1557 1146 tam
1580 1083 1795 1165 presentibus,
1821 1102 1925 1162 quam

243 1169 372 1247 futuris,
411 1172 591 1253 regularem
622 1170 725 1234 vitam
757 1172 928 1254 professis,
969 1175 1001 1237 in
1034 1196 1126 1257 ppm.
1179 1174 1262 1238 Cum
1297 1175 1454 1237 universis
1486 1173 1647 1236 catholice
1678 1172 1815 1256 ecclesie
1847 1170 1924 1233 liliis

242 1259 410 1323 debitores
433 1281 476 1324 ex
499 1263 645 1324 iniuncto
669 1260 767 1324 nobis
790 1283 810 1324 a
834 1262 897 1326 deo
922 1263 1127 1344 apostolatus
1156 1264 1267 1327 officio
1292 1265 1479 1338 existamus,
1513 1262 1575 1325 illis
1605 1272 1726 1337 tamen,
1761 1261 1815 1341 qui
1848 1261 1922 1322 sedi

242 1349 424 1430 apostolice
438 1351 611 1433 specialius
626 1346 773 1413 inherere
789 1362 974 1429 noscuntur,
991 1355 1198 1436 propensiori
1213 1374 1273 1417 nos
1286 1353 1448 1428 convenit,
1465 1352 1609 1415 caritatis
1620 1352 1729 1414 studio
1742 1350 1924 1412 imminere.

241 1439 436 1521 Eapropter,
461 1440 569 1504 dilecti
594 1441 626 1503 in
651 1439 787 1502 domino
810 1439 877 1516 filii,
905 1444 1021 1506 vestris
1044 1445 1134 1506 iustis
1158 1442 1434 1525 postulationibus
1465 1442 1643 1504 clementer
1674 1440 1856 1514 annuimus,
1887 1450 1923 1502 et

242 1527 403 1609 prefatum
427 1531 670 1604 monasterium,
694 1530 727 1591 in
751 1550 817 1611 quo
842 1532 954 1594 divino
971 1534 1147 1616 mancipati
1171 1533 1248 1595 estis
1265 1532 1436 1612 obsequi0,
1461 1531 1521 1593 sub
1546 1531 1634 1593 beati
1650 1530 1736 1593 Petri
1758 1539 1791 1592 et
1807 1538 1922 1590 nostra

242 1619 449 1699 protectione
472 1620 666 1701 suscipimus
689 1627 722 1680 et
745 1621 906 1700 presentis
928 1623 1040 1704 scripti
1057 1622 1228 1704 privilegio
1246 1621 1494 1684 communimus.
1540 1618 1738 1695 Statuentes,
1763 1628 1798 1680 ut
1823 1637 1919 1698 quas·

242 1727 382 1790 cumque
414 1710 653 1790 possessiones,
694 1728 901 1791 quecumque
939 1711 1029 1775 bona
1060 1712 1148 1774 idem
1180 1711 1413 1773 monasterium
1444 1711 1476 1771 in
1507 1709 1743 1791 presentiarum
1769 1709 1853 1769 iuste
1885 1720 1921 1770 et

242 1799 401 1861 canonice
415 1797 447 1878 b)
471 1798 629 1880 possidet,
660 1807 717 1860 aut
740 1799 773 1860 in
796 1798 939 1861 futurum
962 1802 1176 1864 concessione
1199 1799 1403 1882 pontificum,
1428 1799 1599 1880 largitione
1623 1818 1736 1879 regum
1756 1797 1808 1860 vel
1832 1799 1919 1880 prin·

242 1887 360 1968 cipum,
395 1887 564 1952 oblatione
587 1885 732 1949 fidelium
761 1908 818 1950 seu
850 1889 920 1951 aliis
951 1890 1042 1953 iustis
1073 1890 1180 1953 modis
1211 1890 1275 1952 deo
1308 1889 1453 1970 propitio
1482 1889 1606 1970 poterit
1635 1887 1789 1968 adipisci,
1825 1886 1920 1950 firma

241 1976 337 2039 vobis
360 1978 540 2058 vestrisque
563 1977 804 2040 successoribus
827 1988 861 2040 et
883 1979 1008 2042 illibata
1031 1989 1253 2061 permaneant.
1300 1979 1336 2041 ln
1361 1978 1480 2059 quibus
1510 1977 1579 2041 hec·
1599 1977 1740 2059 propriis
1764 1977 1920 2039 duximus

242 2067 458 2148 exprimenda
480 2066 666 2129 vocabulis:
705 2066 891 2130 oblationes
912 2074 952 2144 cl,
984 2069 1128 2132 decimas
1159 2079 1193 2132 et
1220 2068 1379 2150 primitias
1411 2067 1453 2129 de
1483 2066 1672 2129 hominibus
1702 2067 1818 2129 vestris
1849 2067 1919 2128 sive

243 2155 285 2217 de
311 2155 560 2238 preceptalibus,
594 2155 873 2235 quemadmodum
904 2157 993 2220 idem
1024 2159 1257 2221 monasterium
1288 2177 1343 2220 eas
1375 2168 1509 2220 actenus
1540 2157 1649 2237 quiete
1667 2153 1698 2237 d)
1730 2156 1920 2237 possedisse

243 2244 437 2321 dinoscitur,
474 2245 607 2328 plebem
645 2246 748 2307 sancti
784 2247 971 2323 Benedicti,
1012 2247 1145 2329 plebem
1184 2256 1297 2310 sancte
1329 2246 1433 2309 Marie
1471 2246 1556 2308 intra
1593 2246 1747 2319 Fossata,
1784 2244 1920 2326 plebem

242 2344 354 2398 sancte
385 2335 489 2397 Marie
522 2334 564 2396 de
595 2334 734 2397 Lamula
752 2338 796 2414 ο),
838 2338 1072 2400 monasterium
1110 2337 1152 2399 de
1183 2334 1336 2400 Cerasole
1355 2335 1396 2414 s),
1430 2334 1623 2398 aecclesiam
1654 2335 1759 2396 sancti
1787 2333 1918 2396 Nicolai

243 2423 284 2486 de
313 2422 519 2487 Archidossii
538 2421 570 2503 a)
609 2424 700 2485 salvo
739 2424 772 2486 in
810 2425 928 2488 eadem
966 2427 1104 2489 ecclesia
1134 2427 1202 2489 iure
1240 2425 1420 2508 episcopali
1438 2422 1484 2507 h),
1526 2434 1667 2487 castrum
1706 2423 1748 2486 de
1777 2423 1918 2485 Radico·

244 2512 318 2576 sane
336 2512 375 2590 i),
407 2513 601 2576 auctoritate
625 2513 809 2595 apostoliea
831 2514 1054 2595 prohibentes,
1087 2526 1123 2578 ut
1145 2515 1224 2578 nulli
1248 2514 1361 2577 abbati
1386 2534 1446 2577 nec
1470 2513 1564 2576 alicui
1588 2513 1723 2576 omnino
1746 2511 1920 2574 hominum

244 2603 348 2678 liceat,
379 2603 467 2666 idem
498 2614 637 2665 castrum
661 2602 786 2683 absque
808 2604 951 2667 Romani
980 2604 1147 2686 pontificis
1174 2605 1305 2668 licentia
1336 2603 1469 2666 cuilibet
1498 2603 1583 2678 dare,
1615 2602 1766 2678 vendere,
1800 2600 1918 2675 locare,

243 2702 445 2755 commutare
475 2713 532 2755 seu
564 2691 746 2773 quamlibet
769 2693 889 2756 exinde
913 2696 1159 2758 concessionem
1188 2694 1303 2757 facere.
1350 2691 1476 2756 Crisma
1498 2712 1593 2767 vero,
1625 2691 1734 2753 oleum
1758 2698 1917 2764 sanctum,

243 2783 506 2846 consecrationes
529 2780 677 2843 altarium
700 2802 757 2844 seu
781 2781 997 2859 basilicarum,
1029 2784 1254 2847 ordinationes
1286 2782 1523 2845 monachorum
1546 2781 1597 2844 vel
1622 2780 1821 2855 clericorum,
1855 2799 1920 2860 que

244 2872 286 2934 ad
316 2891 426 2934 sacros
457 2871 588 2933 ordines
626 2869 744 2933 suerint
773 2873 1008 2952 promovendi,
1049 2895 1070 2936 a
1101 2874 1279 2936 diocesano
1315 2872 1499 2953 suscipiatis
1538 2871 1713 2952 episcopo,
1754 2869 1920 2951 siquidem

243 2960 422 3024 catholicus
446 2960 548 3035 suerit,
573 2969 606 3022 et
628 2960 767 3041 gratiam
789 2967 889 3042 atque
912 2963 1178 3026 communionem
1201 2963 1288 3025 sedis
1311 2961 1494 3043 apostolice
1516 2960 1674 3034 habuerit,
1698 2968 1731 3021 et
1755 2979 1795 3021 ea
1817 2958 1918 3039 gratis

244 3061 278 3113 et
299 3050 424 3132 absque
451 3049 559 3131 aliqua
590 3049 750 3130 pravitate
779 3050 876 3113 vobis
898 3051 1038 3115 voluerit
1066 3052 1237 3126 exhibere;
1268 3051 1412 3132 alioquin
1445 3049 1542 3113 liceat
1572 3049 1677 3124 vobis,
1710 3046 1918 3122 catholicum,

244 3159 484 3221 quemcumque
507 3137 690 3215 malueritis,
723 3139 813 3201 adire
844 3141 1031 3216 antistitem,
1063 3143 1118 3222 qui
1146 3142 1306 3215 nimirum,
1337 3149 1450 3203 nostra
1472 3139 1571 3201 fultus
1594 3138 1795 3212 auctoritate,
1828 3135 1919 3218 quod

243 3229 435 3311 postulatur,
460 3227 635 3310 indulgeat.
682 3227 738 3290 Ad
768 3230 938 3311 exemplar
968 3250 1100 3312 quoque
1131 3230 1371 3313 predecessoris
1401 3229 1502 3292 nostri
1525 3229 1648 3291 Leonis
1680 3247 1766 3308 pape
1790 3237 1867 3288 vnn
1883 3222 1918 3309 ²),

244 3319 416 3382 cuiuslibet
439 3317 576 3381 ecclesie
599 3317 805 3381 sacerdotem
828 3320 861 3381 in
889 3320 1017 3401 prelato
1041 3321 1241 3383 monasterio
1273 3318 1453 3400 quamlibet
1483 3317 1721 3380 iurisditionem
1743 3316 1796 3378 vel
1826 3325 1919 3396 pote·

243 3415 361 3471 statem
385 3408 453 3470 sive
476 3406 702 3469 auctoritatem
726 3415 835 3488 preter
857 3409 944 3472 sedis
974 3409 1157 3491 apostolice
1180 3408 1372 3491 pontificem
1396 3406 1517 3471 habere
1545 3404 1758 3489 prohibemus
1789 3405 1843 3478 ita,
1874 3411 1918 3478 ut,

245 3498 304 3560 nisi
328 3496 371 3561 ab
395 3496 516 3559 abbate
539 3495 684 3558 eiusdem
709 3499 897 3561 monasterii
927 3498 1022 3562 suerit
1052 3500 1213 3575 invitatus,
1245 3499 1415 3560 missarum
1448 3497 1571 3559 ibidem
1602 3494 1798 3576 sollempnia
1828 3492 1919 3555 nullo

245 3587 346 3649 modo
359 3585 523 3648 celebrare
535 3596 710 3667 presumat,
722 3586 781 3648 sed
793 3587 881 3650 idem
894 3589 1126 3652 monasterium
1143 3588 1204 3651 sub
1221 3588 1422 3669 proprietate
1438 3598 1471 3672 et
1487 3586 1635 3648 dominio
1652 3605 1691 3647 ac
1703 3583 1920 3665 dispositione

244 3686 355 3761 sancte
371 3676 521 3738 Romane
536 3675 672 3737 ecclesie
688 3674 824 3738 liberum
843 3677 1056 3759 quietumque
1072 3679 1238 3740 consistat.
1278 3675 1498 3739 Concedimus
1522 3676 1621 3738 etiam
1644 3674 1739 3737 vobis
1763 3673 1920 3754 placitum

245 3766 388 3827 omnium
421 3764 611 3827 elericorum
642 3771 819 3827 vestrarum
854 3767 1079 3840 ecclesiarum,
1110 3767 1285 3842 addentes,
1325 3773 1361 3827 ut
1391 3765 1526 3828 clericos
1556 3765 1624 3826 sive
1657 3763 1757 3825 laicos
1790 3761 1920 3835 liberos,

243 3854 430 3917 seculariter
451 3853 606 3928 viventes,
631 3854 673 3915 ad
697 3856 945 3919 conversionem
968 3856 1166 3937 suscipiendi
1184 3856 1371 3919 facultatem
1388 3855 1522 3917 liberam
1539 3852 1698 3916 habeatis.
1744 3850 1801 3912 Ad
1824 3851 1920 3913 huius

244 3945 354 4024 itaque
377 3943 587 4024 proprietatis
611 3950 643 4004 et
673 3941 832 4008 libertatis
862 3945 1013 4008 inditium
1044 3945 1128 4008 duos
1157 3945 1331 4026 byzantios
1360 3964 1476 4006 aureos
1507 3942 1603 4005 nobis
1635 3941 1820 4022 nostrisque
1849 3960 1919 4001 suc·

244 4031 427 4095 cessoribus
450 4031 632 4094 annualiter
654 4032 847 4112 persolvetis
865 4032 904 4107 kl.
943 4035 1098 4099 Obeunte
1113 4056 1191 4097 vero
1208 4044 1249 4110 te,
1274 4054 1360 4096 nune
1379 4033 1408 4109 1)
1425 4032 1570 4095 eiusdem
1588 4032 1651 4093 loci
1672 4030 1850 4110 abbatem),
1867 4027 1920 4091 vel

244 4133 373 4184 tuorum
398 4120 546 4202 quolibet
569 4141 800 4198 successorum,
833 4125 938 4187 nullus
963 4124 1007 4188 ibi
1032 4124 1179 4206 qualibet
1202 4123 1423 4204 subreptionis
1454 4121 1572 4185 astutia
1594 4119 1645 4182 vel
1668 4119 1824 4182 violentia
1847 4137 1920 4198 pre·

244 4222 394 4292 ponatur,
425 4209 485 4272 sed
512 4209 609 4271 liceat
632 4209 736 4285 vobis,
760 4215 925 4275 communi
950 4213 1087 4276 consilio
1117 4213 1168 4276 vel
1201 4213 1286 4294 parti
1319 4211 1444 4275 consilii
1476 4211 1621 4285 sanioris,
1654 4208 1833 4271 secundum
1866 4206 1920 4269 dei

244 4301 395 4363 timorem
426 4308 460 4361 et
488 4298 577 4362 beati
604 4299 775 4363 Benedicti
805 4303 949 4384 regulam
983 4303 1108 4384 absque
1139 4302 1232 4364 ullius
1264 4300 1523 4363 contradictione
1555 4298 1710 4362 abbatem
1742 4297 1862 4378 eligere
1880 4298 1921 4373 ¹¹).

244 4389 458 4452 Decernimus
482 4408 571 4469 erg0,
595 4395 630 4449 ut
653 4387 730 4450 nulli
754 4393 891 4454 omnino
913 4392 1083 4455 hominum
1101 4392 1206 4466 liceat,
1230 4391 1317 4453 idem
1335 4389 1568 4452 monasterium
1589 4399 1711 4450 temere
1727 4386 1920 4469 perturbare

244 4485 299 4541 aut
332 4478 400 4541 eius
430 4477 655 4559 possessiones
688 4478 812 4543 auferre
843 4481 895 4544 vel
928 4481 1055 4545 ablatas
1088 4482 1238 4555 retinere,
1271 4480 1415 4542 minuere
1439 4499 1495 4541 seu
1529 4476 1729 4559 quibuslibet
1761 4475 1921 4538 molestiis

245 4567 388 4649 fatigare.
434 4566 617 4647 Nullusque
640 4565 717 4640 dux,
748 4570 903 4646 marchio,
927 4590 1047 4646 comes,
1077 4571 1270 4644 vicecomes
1302 4568 1461 4632 castaldio
1490 4568 1542 4630 vel
1575 4566 1638 4629 alia
1662 4565 1774 4646 quevis
1799 4584 1921 4646 magna

244 4677 300 4719 seu
332 4675 433 4737 parva
463 4675 604 4738 persona
636 4654 736 4718 ullum
767 4659 949 4722 districtum
980 4660 1013 4723 in
1042 4659 1205 4742 aliquibus
1235 4658 1315 4721 locis
1349 4657 1450 4739 ipsius
1487 4655 1673 4719 monasterii
1713 4654 1835 4716 habere
1867 4653 1920 4716 vel

245 4745 388 4808 iudicare
414 4765 471 4807 seu
503 4744 638 4825 aliquod
669 4745 827 4825 placitum
858 4759 969 4812 tenere
1000 4749 1135 4824 audeat,
1159 4749 1220 4810 nisi
1252 4747 1295 4809 ab
1319 4747 1420 4828 ipsius
1443 4746 1574 4809 cenobii
1598 4744 1720 4807 abbate
1753 4743 1849 4805 suerit
1873 4743 1919 4804 in·

244 4835 371 4908 vitatus,
382 4833 440 4896 sed
453 4834 565 4897 omnia
580 4835 706 4914 integra
722 4848 953 4901 conserventur
964 4859 1076 4901 eorum
1096 4837 1132 4917 0),
1149 4858 1210 4919 pro
1228 4856 1366 4918 quorum
1381 4835 1619 4917 gubernatione
1635 4842 1667 4896 et
1682 4833 1921 4895 sustentatione

244 4943 401 4986 concessa
423 4933 507 4998 sunt,
531 4923 643 4985 usibus
666 4926 866 4989 omnimodis
889 4927 1068 5008 profutura,
1091 4926 1180 4989 salva
1197 4927 1229 4988 in
1246 4926 1399 4989 omnibus
1415 4923 1596 5006 apostolice
1612 4923 1698 4985 sedis
1714 4923 1919 4985 auctoritate.

243 5011 278 5077 Si
303 5033 368 5094 qua
391 5013 489 5093 igitur
516 5012 548 5073 in
582 5011 722 5075 futurum
754 5015 975 5080 ecclesiastica
1004 5016 1197 5080 secularisve
1228 5036 1385 5097 persona,
1416 5011 1502 5076 hanc
1532 5021 1643 5099 nostre
1676 5010 1919 5074 constitutionis

246 5146 371 5156 2———-
555 5147 669 5154 ——-.-..

404 5210 429 5271 a)
447 5207 565 5257 Rainerio
585 5208 615 5256 B.
689 5209 715 5275 b)
736 5216 760 5258 el
779 5211 900 5260 canonice
911 5211 979 5274 selrl!
995 5211 1023 5259 in
1040 5213 1070 5260 A.
1156 5212 1180 5274 c)
1192 5209 1260 5274 fehlt
1276 5208 1303 5257 in
1321 5209 1351 5257 B.
1418 5205 1459 5268 ul)
1471 5206 1541 5271 srlrl!
1557 5205 1582 5253 in
1601 5207 1631 5254 Α.
1716 5205 1741 5268 e)
1760 5202 1868 5252 Lamola
1886 5203 1917 5252 B.

244 5279 267 5342 l)
287 5277 428 5327 Cherosolo
447 5280 476 5328 B.
562 5283 589 5343 g)
609 5280 772 5331 Archedossii
791 5282 821 5331 B.
906 5283 933 5341 h)
952 5298 1000 5331 von
1019 5283 1089 5331 salvo
1108 5299 1141 5331 an
1152 5281 1221 5346 fehlt
1237 5283 1264 5329 r'n
1281 5283 1311 5328 Α.
1395 5279 1414 5343 ἰ)
1433 5277 1591 5327 Radicofano
1610 5278 1641 5326 Β.
1726 5275 1753 5333 lr)
1773 5275 1798 5323 in
1817 5276 1843 5323 B
1850 5273 1920 5339 fehlt

243 5352 303 5399 alles
319 5365 367 5399 von
385 5350 514 5415 indulgeat
530 5351 565 5398 bis
582 5350 699 5414 obeunte,
718 5368 742 5402 es
751 5354 821 5418 solgt
838 5360 911 5403 etwas
928 5355 1080 5404 abaoeirlrend
1094 5353 1161 5403 einen
1179 5354 1235 5403 Sata
1252 5355 1339 5416 spater,
1357 5352 1431 5415 vergl.
1451 5351 1524 5398 Anm.
1543 5357 1579 5409 n).
1688 5347 1707 5411 l)
1726 5354 1750 5397 te
1775 5361 1841 5396 nunc
1851 5346 1920 5411 scil!

243 5421 270 5470 in
287 5423 318 5470 A.
408 5428 443 5482 m)
463 5438 510 5471 von
528 5423 569 5470 vel
587 5439 621 5471 an
637 5424 705 5490 fehlt
728 5424 754 5474 in
772 5428 802 5474 A.
909 5434 936 5487 n)
955 5426 1006 5475 hier
1023 5426 1048 5475 in
1067 5427 1097 5474 B.
1117 5427 1149 5475 ad
1168 5425 1297 5489 exemplar
1315 5421 1495 5473 ...consistit
1541 5419 1582 5469 Ad
1600 5420 1672 5468 huius
1758 5417 1917 5483 persolvatis.

243 5492 373 5543 Addentes
391 5494 466 5543 etiam
486 5495 655 5557 concedimus,
674 5502 700 5545 ut
717 5497 824 5546 elericos
837 5534 844 5546 .
858 5533 886 5547 ..
905 5497 1011 5548 habetis.
1048 5498 1214 5547 Decernimus
1233 5533 1240 5546 .
1259 5531 1293 5546 ..
1330 5495 1384 5543 Der
1394 5493 1499 5557 Ansang
1516 5491 1684 5541 Concedimus
1701 5491 1736 5539 bis
1755 5489 1916 5538 ecclesiarum

236 5563 307 5631 fehlt
399 5570 426 5631 ο)
446 5566 491 5615 sed
515 5567 600 5615 omnia
627 5582 714 5617 eomm
740 5569 766 5616 in
791 5570 822 5618 Α.
848 5608 899 5615 ..-
924 5573 960 5636 .1)
991 5570 1070 5636 Vergl.
1097 5569 1135 5618 die
1165 5568 1225 5618 Urk.
1252 5580 1307 5615 vom
1335 5566 1370 5615 23
1393 5564 1468 5628 April
1490 5566 1556 5613 1122
1584 5561 1640 5612 und
1663 5565 1698 5613 23
1720 5561 1818 5612 October
1844 5560 1916 5610 1153.

244 5639 271 5705 2)
300 5634 359 5686 Urk.
383 5652 438 5687 vom
460 5641 490 5686 19
516 5637 577 5703 Jnlr‘
593 5640 667 5688 1050.
