<?xml version="1.0" encoding="UTF-8"?>
<!DOCTYPE html PUBLIC "-//W3C//DTD XHTML 1.0 Transitional//EN"
    "http://www.w3.org/TR/xhtml1/DTD/xhtml1-transitional.dtd">
<html xmlns="http://www.w3.org/1999/xhtml" xml:lang="en" lang="en">
 <head>
  <title>
</title>
<meta http-equiv="Content-Type" content="text/html;charset=utf-8" />
  <meta name='ocr-system' content='tesseract 3.04.00' />
  <meta name='ocr-capabilities' content='ocr_page ocr_carea ocr_par ocr_line ocrx_word'/>
</head>
<body>
  <div class='ocr_page' id='page_1' title='image "actapontificumr00papagoog_0143.png"; bbox 0 0 3974 6188; ppageno 0'>
   <div class='ocr_carea' id='block_1_1' title="bbox 156 243 216 306">
    <p class='ocr_par' dir='ltr' id='par_1_1' title="bbox 156 243 216 306">
     <span class='ocr_line' id='line_1_1' title="bbox 156 243 216 306; baseline 0 -17"><span class='ocrx_word' id='word_1_1' title='bbox 156 243 216 306; x_wconf 81' lang='lat'>132</span> 
     </span>
    </p>
   </div>
   <div class='ocr_carea' id='block_1_2' title="bbox 152 408 1829 3798">
    <p class='ocr_par' dir='ltr' id='par_1_2' title="bbox 152 408 1825 2176">
     <span class='ocr_line' id='line_1_2' title="bbox 152 408 1824 493; baseline 0.002 -15"><span class='ocrx_word' id='word_1_2' title='bbox 152 413 394 478; x_wconf 92' lang='lat' dir='ltr'>successoribus</span> <span class='ocrx_word' id='word_1_3' title='bbox 427 419 461 476; x_wconf 92' lang='lat' dir='ltr'>et</span> <span class='ocrx_word' id='word_1_4' title='bbox 490 410 614 475; x_wconf 88' lang='lat' dir='ltr'>illibata</span> <span class='ocrx_word' id='word_1_5' title='bbox 644 414 865 493; x_wconf 87' lang='lat' dir='ltr'>permaneant.</span> <span class='ocrx_word' id='word_1_6' title='bbox 917 408 1074 471; x_wconf 91' lang='lat' dir='ltr'>Decimas</span> <span class='ocrx_word' id='word_1_7' title='bbox 1102 408 1266 472; x_wconf 89' lang='lat' dir='ltr'>novalium</span> <span class='ocrx_word' id='word_1_8' title='bbox 1296 418 1478 476; x_wconf 91' lang='lat' dir='ltr'>vestrorum</span> <span class='ocrx_word' id='word_1_9' title='bbox 1506 415 1602 478; x_wconf 90' lang='lat' dir='ltr'>vobis</span> <span class='ocrx_word' id='word_1_10' title='bbox 1630 418 1824 481; x_wconf 82' lang='lat' dir='ltr'>auctoritate</span> 
     </span>
     <span class='ocr_line' id='line_1_3' title="bbox 152 497 1824 586; baseline 0.002 -20"><span class='ocrx_word' id='word_1_11' title='bbox 152 503 333 586; x_wconf 90' lang='lat' dir='ltr'>apostolica</span> <span class='ocrx_word' id='word_1_12' title='bbox 361 501 602 565; x_wconf 85' lang='lat' dir='ltr'>confirmamus.</span> <span class='ocrx_word' id='word_1_13' title='bbox 648 499 684 560; x_wconf 90' lang='lat' dir='ltr'>In</span> <span class='ocrx_word' id='word_1_14' title='bbox 715 497 854 560; x_wconf 91' lang='lat' dir='ltr'>ecclesia</span> <span class='ocrx_word' id='word_1_15' title='bbox 876 517 965 573; x_wconf 91' lang='lat' dir='ltr'>vero,</span> <span class='ocrx_word' id='word_1_16' title='bbox 999 518 1097 579; x_wconf 90' lang='lat' dir='ltr'>quam</span> <span class='ocrx_word' id='word_1_17' title='bbox 1131 500 1162 560; x_wconf 89' lang='lat' dir='ltr'>in</span> <span class='ocrx_word' id='word_1_18' title='bbox 1195 499 1314 563; x_wconf 88' lang='lat' dir='ltr'>eodem</span> <span class='ocrx_word' id='word_1_19' title='bbox 1347 499 1422 564; x_wconf 91' lang='lat' dir='ltr'>loco</span> <span class='ocrx_word' id='word_1_20' title='bbox 1453 523 1615 568; x_wconf 90' lang='lat' dir='ltr'>consensu</span> <span class='ocrx_word' id='word_1_21' title='bbox 1647 514 1683 569; x_wconf 89' lang='lat' dir='ltr'>et</span> <span class='ocrx_word' id='word_1_22' title='bbox 1712 504 1824 570; x_wconf 83' lang='lat' dir='ltr'>favore</span> 
     </span>
     <span class='ocr_line' id='line_1_4' title="bbox 152 586 1823 674; baseline 0.002 -19"><span class='ocrx_word' id='word_1_23' title='bbox 152 594 238 656; x_wconf 91' lang='lat' dir='ltr'>sedis</span> <span class='ocrx_word' id='word_1_24' title='bbox 254 592 438 674; x_wconf 90' lang='lat' dir='ltr'>apostolice</span> <span class='ocrx_word' id='word_1_25' title='bbox 461 589 644 664; x_wconf 80' lang='lat' dir='ltr'>edificastiS,</span> <span class='ocrx_word' id='word_1_26' title='bbox 667 607 838 670; x_wconf 89' lang='lat' dir='ltr'>pauperes,</span> <span class='ocrx_word' id='word_1_27' title='bbox 862 589 918 666; x_wconf 91' lang='lat' dir='ltr'>qui</span> <span class='ocrx_word' id='word_1_28' title='bbox 942 586 1003 650; x_wconf 91' lang='lat' dir='ltr'>illic</span> <span class='ocrx_word' id='word_1_29' title='bbox 1026 587 1241 650; x_wconf 88' lang='lat' dir='ltr'>confluxerint</span> <span class='ocrx_word' id='word_1_30' title='bbox 1263 597 1298 651; x_wconf 93' lang='lat' dir='ltr'>et</span> <span class='ocrx_word' id='word_1_31' title='bbox 1319 610 1387 665; x_wconf 91' lang='lat' dir='ltr'>vos,</span> <span class='ocrx_word' id='word_1_32' title='bbox 1411 594 1466 671; x_wconf 94' lang='lat' dir='ltr'>qui</span> <span class='ocrx_word' id='word_1_33' title='bbox 1483 595 1524 655; x_wconf 89' lang='lat' dir='ltr'>ad</span> <span class='ocrx_word' id='word_1_34' title='bbox 1541 613 1655 657; x_wconf 91' lang='lat' dir='ltr'>eorum</span> <span class='ocrx_word' id='word_1_35' title='bbox 1680 594 1823 659; x_wconf 87' lang='lat' dir='ltr'>officium</span> 
     </span>
     <span class='ocr_line' id='line_1_5' title="bbox 153 675 1823 763; baseline 0.003 -19"><span class='ocrx_word' id='word_1_36' title='bbox 153 682 238 745; x_wconf 89' lang='lat' dir='ltr'>eritis</span> <span class='ocrx_word' id='word_1_37' title='bbox 262 683 420 763; x_wconf 91' lang='lat' dir='ltr'>deputati,</span> <span class='ocrx_word' id='word_1_38' title='bbox 451 681 619 743; x_wconf 90' lang='lat' dir='ltr'>missarum</span> <span class='ocrx_word' id='word_1_39' title='bbox 651 677 834 757; x_wconf 87' lang='lat' dir='ltr'>solempnia</span> <span class='ocrx_word' id='word_1_40' title='bbox 862 685 896 738; x_wconf 89' lang='lat' dir='ltr'>et</span> <span class='ocrx_word' id='word_1_41' title='bbox 918 675 980 738; x_wconf 92' lang='lat' dir='ltr'>alia</span> <span class='ocrx_word' id='word_1_42' title='bbox 1004 675 1113 739; x_wconf 80' lang='lat' dir='ltr'>officia</span> <span class='ocrx_word' id='word_1_43' title='bbox 1136 679 1267 740; x_wconf 85' lang='lat' dir='ltr'>assidue</span> <span class='ocrx_word' id='word_1_44' title='bbox 1289 679 1438 742; x_wconf 90' lang='lat' dir='ltr'>audiatis.</span> <span class='ocrx_word' id='word_1_45' title='bbox 1483 682 1692 747; x_wconf 87' lang='lat' dir='ltr'>Parrochiam</span> <span class='ocrx_word' id='word_1_46' title='bbox 1714 695 1823 749; x_wconf 87' lang='lat' dir='ltr'>autem</span> 
     </span>
     <span class='ocr_line' id='line_1_6' title="bbox 152 766 1824 858; baseline 0.002 -24"><span class='ocrx_word' id='word_1_47' title='bbox 152 773 204 834; x_wconf 89' lang='lat' dir='ltr'>vel</span> <span class='ocrx_word' id='word_1_48' title='bbox 220 770 451 853; x_wconf 83' lang='lat' dir='ltr'>parrochianos</span> <span class='ocrx_word' id='word_1_49' title='bbox 467 769 550 832; x_wconf 91' lang='lat' dir='ltr'>ullos</span> <span class='ocrx_word' id='word_1_50' title='bbox 565 768 660 831; x_wconf 92' lang='lat' dir='ltr'>vobis</span> <span class='ocrx_word' id='word_1_51' title='bbox 674 766 906 844; x_wconf 86' lang='lat' dir='ltr'>haberenequa</span> <span class='ocrx_word' id='word_1_52' title='bbox 920 785 1018 845; x_wconf 92' lang='lat' dir='ltr'>quam</span> <span class='ocrx_word' id='word_1_53' title='bbox 1035 768 1263 847; x_wconf 86' lang='lat' dir='ltr'>permittimus.</span> <span class='ocrx_word' id='word_1_54' title='bbox 1296 766 1460 832; x_wconf 89' lang='lat' dir='ltr'>Omnibus</span> <span class='ocrx_word' id='word_1_55' title='bbox 1475 769 1610 858; x_wconf 87' lang='lat' dir='ltr'>tam(en)</span> <span class='ocrx_word' id='word_1_56' title='bbox 1627 771 1824 853; x_wconf 85' lang='lat' dir='ltr'>Christianis,</span> 
     </span>
     <span class='ocr_line' id='line_1_7' title="bbox 153 855 1824 942; baseline 0.002 -19"><span class='ocrx_word' id='word_1_57' title='bbox 153 863 208 941; x_wconf 93' lang='lat' dir='ltr'>qui</span> <span class='ocrx_word' id='word_1_58' title='bbox 239 861 270 922; x_wconf 92' lang='lat' dir='ltr'>in</span> <span class='ocrx_word' id='word_1_59' title='bbox 300 861 371 941; x_wconf 91' lang='lat' dir='ltr'>ipsa</span> <span class='ocrx_word' id='word_1_60' title='bbox 402 859 538 922; x_wconf 91' lang='lat' dir='ltr'>ecclesia</span> <span class='ocrx_word' id='word_1_61' title='bbox 569 877 661 921; x_wconf 90' lang='lat' dir='ltr'>orare</span> <span class='ocrx_word' id='word_1_62' title='bbox 693 876 750 918; x_wconf 93' lang='lat' dir='ltr'>seu</span> <span class='ocrx_word' id='word_1_63' title='bbox 782 875 879 918; x_wconf 89' lang='lat' dir='ltr'>causa</span> <span class='ocrx_word' id='word_1_64' title='bbox 909 855 1092 918; x_wconf 91' lang='lat' dir='ltr'>devotionis</span> <span class='ocrx_word' id='word_1_65' title='bbox 1126 859 1296 919; x_wconf 89' lang='lat' dir='ltr'>missarum</span> <span class='ocrx_word' id='word_1_66' title='bbox 1328 857 1521 942; x_wconf 88' lang='lat' dir='ltr'>sollempnia</span> <span class='ocrx_word' id='word_1_67' title='bbox 1551 881 1608 925; x_wconf 93' lang='lat' dir='ltr'>seu</span> <span class='ocrx_word' id='word_1_68' title='bbox 1632 860 1696 926; x_wconf 88' lang='lat' dir='ltr'>alia</span> <span class='ocrx_word' id='word_1_69' title='bbox 1719 863 1824 928; x_wconf 81' lang='lat' dir='ltr'>officia</span> 
     </span>
     <span class='ocr_line' id='line_1_8' title="bbox 153 943 1824 1036; baseline 0.002 -24"><span class='ocrx_word' id='word_1_70' title='bbox 153 950 264 1013; x_wconf 90' lang='lat' dir='ltr'>audire</span> <span class='ocrx_word' id='word_1_71' title='bbox 286 949 455 1023; x_wconf 90' lang='lat' dir='ltr'>voluerint,</span> <span class='ocrx_word' id='word_1_72' title='bbox 484 948 618 1011; x_wconf 88' lang='lat' dir='ltr'>liberam</span> <span class='ocrx_word' id='word_1_73' title='bbox 650 945 859 1009; x_wconf 88' lang='lat' dir='ltr'>concedimus</span> <span class='ocrx_word' id='word_1_74' title='bbox 890 943 1086 1007; x_wconf 81' lang='lat' dir='ltr'>facultatem.</span> <span class='ocrx_word' id='word_1_75' title='bbox 1132 946 1296 1009; x_wconf 91' lang='lat' dir='ltr'>Presbiter</span> <span class='ocrx_word' id='word_1_76' title='bbox 1318 967 1406 1023; x_wconf 92' lang='lat' dir='ltr'>vero,</span> <span class='ocrx_word' id='word_1_77' title='bbox 1438 951 1494 1030; x_wconf 92' lang='lat' dir='ltr'>qui</span> <span class='ocrx_word' id='word_1_78' title='bbox 1524 951 1604 1014; x_wconf 91' lang='lat' dir='ltr'>inibi</span> <span class='ocrx_word' id='word_1_79' title='bbox 1635 951 1733 1015; x_wconf 85' lang='lat' dir='ltr'>fuerit</span> <span class='ocrx_word' id='word_1_80' title='bbox 1763 975 1824 1036; x_wconf 91' lang='lat' dir='ltr'>pro</span> 
     </span>
     <span class='ocr_line' id='line_1_9' title="bbox 152 1034 1824 1125; baseline 0.001 -22"><span class='ocrx_word' id='word_1_81' title='bbox 152 1048 302 1122; x_wconf 90' lang='lat' dir='ltr'>tempore</span> <span class='ocrx_word' id='word_1_82' title='bbox 334 1039 550 1113; x_wconf 90' lang='lat' dir='ltr'>ordinandus,</span> <span class='ocrx_word' id='word_1_83' title='bbox 582 1058 602 1098; x_wconf 94' lang='lat' dir='ltr'>a</span> <span class='ocrx_word' id='word_1_84' title='bbox 624 1035 717 1099; x_wconf 91' lang='lat' dir='ltr'>vobis</span> <span class='ocrx_word' id='word_1_85' title='bbox 748 1042 782 1096; x_wconf 89' lang='lat' dir='ltr'>et</span> <span class='ocrx_word' id='word_1_86' title='bbox 807 1034 1052 1097; x_wconf 90' lang='lat' dir='ltr'>successoribus</span> <span class='ocrx_word' id='word_1_87' title='bbox 1075 1037 1191 1097; x_wconf 92' lang='lat' dir='ltr'>vestris</span> <span class='ocrx_word' id='word_1_88' title='bbox 1216 1035 1361 1117; x_wconf 84' lang='lat' dir='ltr'>eligetur,</span> <span class='ocrx_word' id='word_1_89' title='bbox 1391 1047 1425 1100; x_wconf 92' lang='lat' dir='ltr'>et</span> <span class='ocrx_word' id='word_1_90' title='bbox 1448 1039 1629 1104; x_wconf 88' lang='lat' dir='ltr'>Mantuano</span> <span class='ocrx_word' id='word_1_91' title='bbox 1663 1044 1824 1125; x_wconf 91' lang='lat' dir='ltr'>episcopo</span> 
     </span>
     <span class='ocr_line' id='line_1_10' title="bbox 153 1124 1825 1212; baseline 0.001 -20"><span class='ocrx_word' id='word_1_92' title='bbox 153 1127 404 1212; x_wconf 90' lang='lat' dir='ltr'>presentabitur,</span> <span class='ocrx_word' id='word_1_93' title='bbox 429 1129 494 1206; x_wconf 91' lang='lat' dir='ltr'>qui,</span> <span class='ocrx_word' id='word_1_94' title='bbox 518 1134 692 1208; x_wconf 86' lang='lat' dir='ltr'>postquam</span> <span class='ocrx_word' id='word_1_95' title='bbox 718 1125 814 1187; x_wconf 86' lang='lat' dir='ltr'>luerit</span> <span class='ocrx_word' id='word_1_96' title='bbox 836 1124 865 1186; x_wconf 93' lang='lat' dir='ltr'>ei</span> <span class='ocrx_word' id='word_1_97' title='bbox 888 1132 1102 1205; x_wconf 86' lang='lat' dir='ltr'>presentatus,</span> <span class='ocrx_word' id='word_1_98' title='bbox 1125 1124 1231 1206; x_wconf 92' lang='lat' dir='ltr'>ipsum</span> <span class='ocrx_word' id='word_1_99' title='bbox 1247 1126 1343 1188; x_wconf 93' lang='lat' dir='ltr'>vobis</span> <span class='ocrx_word' id='word_1_100' title='bbox 1362 1128 1432 1189; x_wconf 90' lang='lat' dir='ltr'>sine</span> <span class='ocrx_word' id='word_1_101' title='bbox 1448 1127 1637 1194; x_wconf 82' lang='lat' dir='ltr'>difficultate</span> <span class='ocrx_word' id='word_1_102' title='bbox 1654 1131 1825 1207; x_wconf 85' lang='lat' dir='ltr'>concedet,</span> 
     </span>
     <span class='ocr_line' id='line_1_11' title="bbox 152 1213 1824 1298; baseline 0.002 -18"><span class='ocrx_word' id='word_1_103' title='bbox 152 1220 212 1280; x_wconf 95' lang='lat' dir='ltr'>nisi</span> <span class='ocrx_word' id='word_1_104' title='bbox 227 1226 316 1281; x_wconf 88' lang='lat' dir='ltr'>certa</span> <span class='ocrx_word' id='word_1_105' title='bbox 332 1225 365 1279; x_wconf 91' lang='lat' dir='ltr'>et</span> <span class='ocrx_word' id='word_1_106' title='bbox 380 1226 494 1298; x_wconf 90' lang='lat' dir='ltr'>aperta</span> <span class='ocrx_word' id='word_1_107' title='bbox 510 1235 607 1279; x_wconf 90' lang='lat' dir='ltr'>causa</span> <span class='ocrx_word' id='word_1_108' title='bbox 623 1217 655 1277; x_wconf 91' lang='lat' dir='ltr'>in</span> <span class='ocrx_word' id='word_1_109' title='bbox 672 1234 712 1276; x_wconf 91' lang='lat' dir='ltr'>eo</span> <span class='ocrx_word' id='word_1_110' title='bbox 729 1215 779 1288; x_wconf 94' lang='lat' dir='ltr'>sit,</span> <span class='ocrx_word' id='word_1_111' title='bbox 803 1232 868 1292; x_wconf 91' lang='lat' dir='ltr'>que</span> <span class='ocrx_word' id='word_1_112' title='bbox 883 1214 983 1275; x_wconf 90' lang='lat' dir='ltr'>sacris</span> <span class='ocrx_word' id='word_1_113' title='bbox 999 1213 1178 1275; x_wconf 89' lang='lat' dir='ltr'>canonibus</span> <span class='ocrx_word' id='word_1_114' title='bbox 1194 1215 1405 1279; x_wconf 86' lang='lat' dir='ltr'>contradicat.</span> <span class='ocrx_word' id='word_1_115' title='bbox 1445 1216 1598 1281; x_wconf 90' lang='lat' dir='ltr'>Ceterum</span> <span class='ocrx_word' id='word_1_116' title='bbox 1618 1230 1824 1284; x_wconf 89' lang='lat' dir='ltr'>sacramenta</span> 
     </span>
     <span class='ocr_line' id='line_1_12' title="bbox 153 1301 1825 1386; baseline 0.002 -16"><span class='ocrx_word' id='word_1_117' title='bbox 153 1308 382 1380; x_wconf 88' lang='lat' dir='ltr'>ecclesiastica,</span> <span class='ocrx_word' id='word_1_118' title='bbox 414 1326 478 1386; x_wconf 91' lang='lat' dir='ltr'>que</span> <span class='ocrx_word' id='word_1_119' title='bbox 508 1305 631 1368; x_wconf 89' lang='lat' dir='ltr'>debent</span> <span class='ocrx_word' id='word_1_120' title='bbox 659 1304 702 1366; x_wconf 89' lang='lat' dir='ltr'>ab</span> <span class='ocrx_word' id='word_1_121' title='bbox 734 1304 901 1384; x_wconf 91' lang='lat' dir='ltr'>episcopis</span> <span class='ocrx_word' id='word_1_122' title='bbox 933 1301 1059 1384; x_wconf 87' lang='lat' dir='ltr'>elargiri</span> <span class='ocrx_word' id='word_1_123' title='bbox 1084 1312 1126 1376; x_wconf 87' lang='lat' dir='ltr'>et,</span> <span class='ocrx_word' id='word_1_124' title='bbox 1157 1322 1221 1382; x_wconf 94' lang='lat' dir='ltr'>que</span> <span class='ocrx_word' id='word_1_125' title='bbox 1244 1305 1339 1367; x_wconf 92' lang='lat' dir='ltr'>vobis</span> <span class='ocrx_word' id='word_1_126' title='bbox 1362 1314 1395 1368; x_wconf 89' lang='lat' dir='ltr'>et</span> <span class='ocrx_word' id='word_1_127' title='bbox 1418 1305 1543 1369; x_wconf 87' lang='lat' dir='ltr'>clericis</span> <span class='ocrx_word' id='word_1_128' title='bbox 1565 1311 1682 1372; x_wconf 91' lang='lat' dir='ltr'>vestris</span> <span class='ocrx_word' id='word_1_129' title='bbox 1707 1310 1825 1374; x_wconf 86' lang='lat' dir='ltr'>suerint</span> 
     </span>
     <span class='ocr_line' id='line_1_13' title="bbox 153 1391 1825 1481; baseline 0.001 -21"><span class='ocrx_word' id='word_1_130' title='bbox 153 1398 341 1470; x_wconf 88' lang='lat' dir='ltr'>necessaria,</span> <span class='ocrx_word' id='word_1_131' title='bbox 366 1417 384 1458; x_wconf 88' lang='lat' dir='ltr'>a</span> <span class='ocrx_word' id='word_1_132' title='bbox 408 1395 582 1457; x_wconf 89' lang='lat' dir='ltr'>diocesano</span> <span class='ocrx_word' id='word_1_133' title='bbox 605 1393 789 1474; x_wconf 90' lang='lat' dir='ltr'>suscipietis</span> <span class='ocrx_word' id='word_1_134' title='bbox 813 1393 982 1474; x_wconf 90' lang='lat' dir='ltr'>episcopo,</span> <span class='ocrx_word' id='word_1_135' title='bbox 1005 1393 1032 1453; x_wconf 92' lang='lat' dir='ltr'>si</span> <span class='ocrx_word' id='word_1_136' title='bbox 1054 1401 1164 1455; x_wconf 90' lang='lat' dir='ltr'>tamen</span> <span class='ocrx_word' id='word_1_137' title='bbox 1188 1391 1368 1457; x_wconf 87' lang='lat' dir='ltr'>catholicus</span> <span class='ocrx_word' id='word_1_138' title='bbox 1391 1395 1487 1458; x_wconf 87' lang='lat' dir='ltr'>luerit</span> <span class='ocrx_word' id='word_1_139' title='bbox 1510 1405 1543 1460; x_wconf 91' lang='lat' dir='ltr'>et</span> <span class='ocrx_word' id='word_1_140' title='bbox 1562 1400 1701 1480; x_wconf 87' lang='lat' dir='ltr'>gratiam</span> <span class='ocrx_word' id='word_1_141' title='bbox 1726 1408 1825 1481; x_wconf 91' lang='lat' dir='ltr'>atque</span> 
     </span>
     <span class='ocr_line' id='line_1_14' title="bbox 154 1481 1825 1566; baseline 0.002 -17"><span class='ocrx_word' id='word_1_142' title='bbox 154 1487 416 1549; x_wconf 89' lang='lat' dir='ltr'>communionem</span> <span class='ocrx_word' id='word_1_143' title='bbox 440 1484 623 1566; x_wconf 89' lang='lat' dir='ltr'>apostolice</span> <span class='ocrx_word' id='word_1_144' title='bbox 645 1483 731 1544; x_wconf 91' lang='lat' dir='ltr'>sedis</span> <span class='ocrx_word' id='word_1_145' title='bbox 754 1481 914 1557; x_wconf 89' lang='lat' dir='ltr'>habuerit,</span> <span class='ocrx_word' id='word_1_146' title='bbox 938 1501 1043 1563; x_wconf 89' lang='lat' dir='ltr'>eaque</span> <span class='ocrx_word' id='word_1_147' title='bbox 1058 1482 1153 1544; x_wconf 93' lang='lat' dir='ltr'>vobis</span> <span class='ocrx_word' id='word_1_148' title='bbox 1168 1483 1240 1544; x_wconf 89' lang='lat' dir='ltr'>sine</span> <span class='ocrx_word' id='word_1_149' title='bbox 1255 1484 1414 1564; x_wconf 88' lang='lat' dir='ltr'>pravitate</span> <span class='ocrx_word' id='word_1_150' title='bbox 1430 1494 1464 1548; x_wconf 89' lang='lat' dir='ltr'>et</span> <span class='ocrx_word' id='word_1_151' title='bbox 1479 1487 1651 1550; x_wconf 89' lang='lat' dir='ltr'>exactione</span> <span class='ocrx_word' id='word_1_152' title='bbox 1666 1487 1825 1553; x_wconf 90' lang='lat' dir='ltr'>exhibere</span> 
     </span>
     <span class='ocr_line' id='line_1_15' title="bbox 152 1570 1825 1659; baseline 0.001 -20"><span class='ocrx_word' id='word_1_153' title='bbox 152 1576 300 1640; x_wconf 90' lang='lat' dir='ltr'>voluerit.</span> <span class='ocrx_word' id='word_1_154' title='bbox 337 1572 496 1654; x_wconf 89' lang='lat' dir='ltr'>Alioquin</span> <span class='ocrx_word' id='word_1_155' title='bbox 512 1573 607 1635; x_wconf 89' lang='lat' dir='ltr'>liceat</span> <span class='ocrx_word' id='word_1_156' title='bbox 629 1572 733 1647; x_wconf 90' lang='lat' dir='ltr'>vobis,</span> <span class='ocrx_word' id='word_1_157' title='bbox 757 1570 964 1644; x_wconf 89' lang='lat' dir='ltr'>catholicum,</span> <span class='ocrx_word' id='word_1_158' title='bbox 988 1590 1086 1651; x_wconf 93' lang='lat' dir='ltr'>quem</span> <span class='ocrx_word' id='word_1_159' title='bbox 1111 1571 1297 1648; x_wconf 89' lang='lat' dir='ltr'>malueritis,</span> <span class='ocrx_word' id='word_1_160' title='bbox 1320 1574 1409 1636; x_wconf 90' lang='lat' dir='ltr'>adire</span> <span class='ocrx_word' id='word_1_161' title='bbox 1424 1575 1608 1652; x_wconf 90' lang='lat' dir='ltr'>antistitem,</span> <span class='ocrx_word' id='word_1_162' title='bbox 1633 1580 1698 1659; x_wconf 91' lang='lat' dir='ltr'>qui,</span> <span class='ocrx_word' id='word_1_163' title='bbox 1715 1587 1825 1641; x_wconf 89' lang='lat' dir='ltr'>nostra</span> 
     </span>
     <span class='ocr_line' id='line_1_16' title="bbox 153 1657 1824 1747; baseline 0.001 -19"><span class='ocrx_word' id='word_1_164' title='bbox 153 1665 250 1728; x_wconf 84' lang='lat' dir='ltr'>fultus</span> <span class='ocrx_word' id='word_1_165' title='bbox 273 1665 476 1738; x_wconf 88' lang='lat' dir='ltr'>auctoritate,</span> <span class='ocrx_word' id='word_1_166' title='bbox 500 1663 589 1742; x_wconf 91' lang='lat' dir='ltr'>quod</span> <span class='ocrx_word' id='word_1_167' title='bbox 613 1660 804 1744; x_wconf 90' lang='lat' dir='ltr'>postulatur,</span> <span class='ocrx_word' id='word_1_168' title='bbox 828 1657 1004 1741; x_wconf 86' lang='lat' dir='ltr'>indulgeat.</span> <span class='ocrx_word' id='word_1_169' title='bbox 1042 1657 1099 1721; x_wconf 91' lang='lat' dir='ltr'>Ad</span> <span class='ocrx_word' id='word_1_170' title='bbox 1123 1660 1276 1723; x_wconf 90' lang='lat' dir='ltr'>iudicium</span> <span class='ocrx_word' id='word_1_171' title='bbox 1299 1670 1408 1725; x_wconf 90' lang='lat' dir='ltr'>autem</span> <span class='ocrx_word' id='word_1_172' title='bbox 1432 1667 1640 1747; x_wconf 88' lang='lat' dir='ltr'>prerogative</span> <span class='ocrx_word' id='word_1_173' title='bbox 1664 1666 1757 1729; x_wconf 94' lang='lat' dir='ltr'>huius</span> <span class='ocrx_word' id='word_1_174' title='bbox 1782 1668 1824 1730; x_wconf 93' lang='lat' dir='ltr'>ab</span> 
     </span>
     <span class='ocr_line' id='line_1_17' title="bbox 153 1749 1824 1843; baseline 0 -24"><span class='ocrx_word' id='word_1_175' title='bbox 153 1755 336 1838; x_wconf 88' lang='lat' dir='ltr'>apostolica</span> <span class='ocrx_word' id='word_1_176' title='bbox 359 1753 439 1814; x_wconf 89' lang='lat' dir='ltr'>sede</span> <span class='ocrx_word' id='word_1_177' title='bbox 467 1759 622 1836; x_wconf 75' lang='lat' dir='ltr'>percepte</span> <span class='ocrx_word' id='word_1_178' title='bbox 653 1770 787 1812; x_wconf 91' lang='lat' dir='ltr'>censum</span> <span class='ocrx_word' id='word_1_179' title='bbox 817 1749 992 1811; x_wconf 90' lang='lat' dir='ltr'>duodecim</span> <span class='ocrx_word' id='word_1_180' title='bbox 1025 1769 1232 1812; x_wconf 90' lang='lat' dir='ltr'>nummorum</span> <span class='ocrx_word' id='word_1_181' title='bbox 1256 1751 1511 1816; x_wconf 90' lang='lat' dir='ltr'>Mediolanensis</span> <span class='ocrx_word' id='word_1_182' title='bbox 1541 1758 1661 1818; x_wconf 84' lang='lat' dir='ltr'>veteris</span> <span class='ocrx_word' id='word_1_183' title='bbox 1693 1766 1824 1843; x_wconf 69' lang='lat' dir='ltr'>monete</span> 
     </span>
     <span class='ocr_line' id='line_1_18' title="bbox 152 1839 1825 1926; baseline 0.001 -19"><span class='ocrx_word' id='word_1_184' title='bbox 152 1865 212 1908; x_wconf 92' lang='lat' dir='ltr'>vos</span> <span class='ocrx_word' id='word_1_185' title='bbox 236 1853 268 1907; x_wconf 91' lang='lat' dir='ltr'>et</span> <span class='ocrx_word' id='word_1_186' title='bbox 290 1861 495 1907; x_wconf 91' lang='lat' dir='ltr'>successores</span> <span class='ocrx_word' id='word_1_187' title='bbox 518 1844 616 1904; x_wconf 91' lang='lat' dir='ltr'>vestri</span> <span class='ocrx_word' id='word_1_188' title='bbox 641 1841 735 1902; x_wconf 91' lang='lat' dir='ltr'>nobis</span> <span class='ocrx_word' id='word_1_189' title='bbox 760 1839 943 1919; x_wconf 89' lang='lat' dir='ltr'>nostrisque</span> <span class='ocrx_word' id='word_1_190' title='bbox 970 1839 1214 1901; x_wconf 91' lang='lat' dir='ltr'>successoribus</span> <span class='ocrx_word' id='word_1_191' title='bbox 1237 1843 1329 1903; x_wconf 90' lang='lat' dir='ltr'>annis</span> <span class='ocrx_word' id='word_1_192' title='bbox 1351 1842 1486 1924; x_wconf 88' lang='lat' dir='ltr'>singulis</span> <span class='ocrx_word' id='word_1_193' title='bbox 1509 1844 1713 1926; x_wconf 88' lang='lat' dir='ltr'>persolvetis.</span> <span class='ocrx_word' id='word_1_194' title='bbox 1759 1846 1825 1909; x_wconf 91' lang='lat' dir='ltr'>De·</span> 
     </span>
     <span class='ocr_line' id='line_1_19' title="bbox 154 1928 1825 2014; baseline 0.001 -17"><span class='ocrx_word' id='word_1_195' title='bbox 154 1934 314 1997; x_wconf 89' lang='lat' dir='ltr'>cernimus</span> <span class='ocrx_word' id='word_1_196' title='bbox 341 1952 429 2014; x_wconf 89' lang='lat' dir='ltr'>ergo,</span> <span class='ocrx_word' id='word_1_197' title='bbox 460 1939 495 1993; x_wconf 93' lang='lat' dir='ltr'>ut</span> <span class='ocrx_word' id='word_1_198' title='bbox 528 1930 605 1993; x_wconf 92' lang='lat' dir='ltr'>nulli</span> <span class='ocrx_word' id='word_1_199' title='bbox 637 1928 769 1991; x_wconf 91' lang='lat' dir='ltr'>omnino</span> <span class='ocrx_word' id='word_1_200' title='bbox 793 1928 961 1990; x_wconf 91' lang='lat' dir='ltr'>hominum</span> <span class='ocrx_word' id='word_1_201' title='bbox 983 1928 1087 2002; x_wconf 91' lang='lat' dir='ltr'>liceat,</span> <span class='ocrx_word' id='word_1_202' title='bbox 1118 1928 1280 2010; x_wconf 88' lang='lat' dir='ltr'>prelatum</span> <span class='ocrx_word' id='word_1_203' title='bbox 1304 1930 1412 1993; x_wconf 91' lang='lat' dir='ltr'>locum</span> <span class='ocrx_word' id='word_1_204' title='bbox 1437 1940 1622 1996; x_wconf 90' lang='lat' dir='ltr'>temere..</span> <span class='ocrx_word' id='word_1_205' title='bbox 1649 1985 1656 1998; x_wconf 93' lang='lat'>.</span> <span class='ocrx_word' id='word_1_206' title='bbox 1680 1983 1687 1996; x_wconf 95' lang='lat'>.</span> <span class='ocrx_word' id='word_1_207' title='bbox 1713 1936 1825 1998; x_wconf 92' lang='lat' dir='ltr'>usibus</span> 
     </span>
     <span class='ocr_line' id='line_1_20' title="bbox 154 2017 1824 2103; baseline 0.001 -17"><span class='ocrx_word' id='word_1_208' title='bbox 154 2024 349 2087; x_wconf 91' lang='lat' dir='ltr'>omnimodis</span> <span class='ocrx_word' id='word_1_209' title='bbox 379 2020 563 2103; x_wconf 84' lang='lat' dir='ltr'>profutura,</span> <span class='ocrx_word' id='word_1_210' title='bbox 595 2019 684 2080; x_wconf 93' lang='lat' dir='ltr'>salva</span> <span class='ocrx_word' id='word_1_211' title='bbox 717 2017 803 2080; x_wconf 91' lang='lat' dir='ltr'>sedis</span> <span class='ocrx_word' id='word_1_212' title='bbox 834 2017 1017 2098; x_wconf 90' lang='lat' dir='ltr'>apostolice</span> <span class='ocrx_word' id='word_1_213' title='bbox 1049 2019 1252 2081; x_wconf 89' lang='lat' dir='ltr'>auctoritate.</span> <span class='ocrx_word' id='word_1_214' title='bbox 1306 2017 1340 2082; x_wconf 91' lang='lat' dir='ltr'>Si</span> <span class='ocrx_word' id='word_1_215' title='bbox 1374 2040 1439 2102; x_wconf 90' lang='lat' dir='ltr'>qua</span> <span class='ocrx_word' id='word_1_216' title='bbox 1470 2024 1631 2103; x_wconf 85' lang='lat' dir='ltr'>igitur..</span> <span class='ocrx_word' id='word_1_217' title='bbox 1657 2072 1664 2085; x_wconf 98' lang='lat'>.</span> <span class='ocrx_word' id='word_1_218' title='bbox 1692 2022 1824 2088; x_wconf 89' lang='lat' dir='ltr'>Cunctis</span> 
     </span>
     <span class='ocr_line' id='line_1_21' title="bbox 153 2105 1143 2176; baseline -0.009 0"><span class='ocrx_word' id='word_1_219' title='bbox 153 2122 293 2176; x_wconf 88' lang='lat' dir='ltr'>autem.</span> <span class='ocrx_word' id='word_1_220' title='bbox 318 2163 324 2176; x_wconf 90' lang='lat'>.</span> <span class='ocrx_word' id='word_1_221' title='bbox 350 2163 356 2176; x_wconf 92' lang='lat'>.</span> <span class='ocrx_word' id='word_1_222' title='bbox 382 2160 388 2173; x_wconf 90' lang='lat'>.</span> <span class='ocrx_word' id='word_1_223' title='bbox 412 2110 585 2173; x_wconf 89' lang='lat' dir='ltr'>inveniant.</span> <span class='ocrx_word' id='word_1_224' title='bbox 630 2106 751 2169; x_wconf 90' lang='lat' dir='ltr'>Amen.</span> <span class='ocrx_word' id='word_1_225' title='bbox 775 2143 819 2152; x_wconf 98' lang='lat'><em>-</em></span> <span class='ocrx_word' id='word_1_226' title='bbox 842 2106 932 2169; x_wconf 90' lang='lat' dir='ltr'>A-m.</span> <span class='ocrx_word' id='word_1_227' title='bbox 957 2105 1076 2169; x_wconf 90' lang='lat' dir='ltr'>Amen.</span> <span class='ocrx_word' id='word_1_228' title='bbox 1100 2142 1143 2151; x_wconf 96' lang='lat'><em>-</em></span> 
     </span>
    </p>

    <p class='ocr_par' dir='ltr' id='par_1_3' title="bbox 366 2194 1442 2283">
     <span class='ocr_line' id='line_1_22' title="bbox 366 2194 1442 2283; baseline -0.002 -21"><span class='ocrx_word' id='word_1_229' title='bbox 366 2198 423 2283; x_wconf 85' lang='lat' dir='ltr'>(R)</span> <span class='ocrx_word' id='word_1_230' title='bbox 448 2201 521 2281; x_wconf 87' lang='lat' dir='ltr'>Ego</span> <span class='ocrx_word' id='word_1_231' title='bbox 544 2198 740 2261; x_wconf 87' lang='lat' dir='ltr'>Anastasius</span> <span class='ocrx_word' id='word_1_232' title='bbox 764 2194 926 2259; x_wconf 88' lang='lat' dir='ltr'>catholice</span> <span class='ocrx_word' id='word_1_233' title='bbox 949 2195 1088 2259; x_wconf 89' lang='lat' dir='ltr'>ecclesie</span> <span class='ocrx_word' id='word_1_234' title='bbox 1110 2196 1286 2279; x_wconf 89' lang='lat' dir='ltr'>episcopus</span> <span class='ocrx_word' id='word_1_235' title='bbox 1309 2217 1351 2260; x_wconf 91' lang='lat' dir='ltr'>ss.</span> <span class='ocrx_word' id='word_1_236' title='bbox 1377 2196 1442 2283; x_wconf 82' lang='lat' dir='ltr'>(M)</span> 
     </span>
    </p>

    <p class='ocr_par' dir='ltr' id='par_1_4' title="bbox 364 2283 1233 2370">
     <span class='ocr_line' id='line_1_23' title="bbox 364 2283 1233 2370; baseline -0.002 -19"><span class='ocrx_word' id='word_1_237' title='bbox 364 2290 386 2370; x_wconf 88' lang='lat'><strong>†</strong></span> <span class='ocrx_word' id='word_1_238' title='bbox 408 2289 483 2370; x_wconf 92' lang='lat' dir='ltr'>Ego</span> <span class='ocrx_word' id='word_1_239' title='bbox 505 2287 647 2350; x_wconf 84' lang='lat' dir='ltr'>Ymarus</span> <span class='ocrx_word' id='word_1_240' title='bbox 670 2284 873 2348; x_wconf 90' lang='lat' dir='ltr'>Tusculanus</span> <span class='ocrx_word' id='word_1_241' title='bbox 896 2287 1073 2366; x_wconf 90' lang='lat' dir='ltr'>episcopus</span> <span class='ocrx_word' id='word_1_242' title='bbox 1096 2305 1137 2347; x_wconf 92' lang='lat' dir='ltr'>ss.</span> <span class='ocrx_word' id='word_1_243' title='bbox 1161 2283 1233 2369; x_wconf 84' lang='lat'>(12)</span> 
     </span>
    </p>

    <p class='ocr_par' dir='ltr' id='par_1_5' title="bbox 365 2372 1461 2457">
     <span class='ocr_line' id='line_1_24' title="bbox 365 2372 1461 2457; baseline -0.003 -17"><span class='ocrx_word' id='word_1_244' title='bbox 365 2413 409 2424; x_wconf 93' lang='lat'>-</span> <span class='ocrx_word' id='word_1_245' title='bbox 431 2380 452 2456; x_wconf 84' lang='lat'><em>†</em></span> <span class='ocrx_word' id='word_1_246' title='bbox 475 2377 548 2457; x_wconf 84' lang='lat' dir='ltr'>Ego</span> <span class='ocrx_word' id='word_1_247' title='bbox 574 2375 749 2457; x_wconf 87' lang='lat' dir='ltr'>Gregorius</span> <span class='ocrx_word' id='word_1_248' title='bbox 772 2374 935 2456; x_wconf 91' lang='lat' dir='ltr'>presbiter</span> <span class='ocrx_word' id='word_1_249' title='bbox 958 2374 1131 2437; x_wconf 89' lang='lat' dir='ltr'>cardinalis</span> <span class='ocrx_word' id='word_1_250' title='bbox 1154 2377 1202 2437; x_wconf 89' lang='lat' dir='ltr'>tit</span> <span class='ocrx_word' id='word_1_251' title='bbox 1226 2373 1346 2438; x_wconf 87' lang='lat' dir='ltr'>Calixti</span> <span class='ocrx_word' id='word_1_252' title='bbox 1365 2372 1396 2456; x_wconf 71' lang='lat' dir='ltr'>a)</span> <span class='ocrx_word' id='word_1_253' title='bbox 1419 2395 1461 2437; x_wconf 91' lang='lat' dir='ltr'>ss.</span> 
     </span>
    </p>

    <p class='ocr_par' dir='ltr' id='par_1_6' title="bbox 364 2462 1489 2552">
     <span class='ocr_line' id='line_1_25' title="bbox 364 2462 1489 2552; baseline -0.001 -24"><span class='ocrx_word' id='word_1_254' title='bbox 364 2470 386 2548; x_wconf 88' lang='lat'>†</span> <span class='ocrx_word' id='word_1_255' title='bbox 409 2465 482 2548; x_wconf 88' lang='lat' dir='ltr'>Ego</span> <span class='ocrx_word' id='word_1_256' title='bbox 507 2464 695 2529; x_wconf 86' lang='lat' dir='ltr'>Maniredus</span> <span class='ocrx_word' id='word_1_257' title='bbox 719 2464 882 2546; x_wconf 89' lang='lat' dir='ltr'>presbiter</span> <span class='ocrx_word' id='word_1_258' title='bbox 904 2464 1075 2526; x_wconf 90' lang='lat' dir='ltr'>cardinalis</span> <span class='ocrx_word' id='word_1_259' title='bbox 1098 2466 1147 2528; x_wconf 87' lang='lat' dir='ltr'>tit.</span> <span class='ocrx_word' id='word_1_260' title='bbox 1169 2474 1281 2552; x_wconf 74' lang='lat' dir='ltr'>sancte</span> <span class='ocrx_word' id='word_1_261' title='bbox 1304 2462 1424 2528; x_wconf 88' lang='lat' dir='ltr'>Savine</span> <span class='ocrx_word' id='word_1_262' title='bbox 1447 2484 1489 2528; x_wconf 92' lang='lat' dir='ltr'>ss.</span> 
     </span>
    </p>

    <p class='ocr_par' dir='ltr' id='par_1_7' title="bbox 364 2552 1527 2642">
     <span class='ocr_line' id='line_1_26' title="bbox 364 2552 1527 2642; baseline -0.002 -24"><span class='ocrx_word' id='word_1_263' title='bbox 364 2559 386 2637; x_wconf 88' lang='lat'>†</span> <span class='ocrx_word' id='word_1_264' title='bbox 409 2556 481 2637; x_wconf 88' lang='lat' dir='ltr'>Ego</span> <span class='ocrx_word' id='word_1_265' title='bbox 506 2554 677 2618; x_wconf 90' lang='lat' dir='ltr'>Aribertus</span> <span class='ocrx_word' id='word_1_266' title='bbox 701 2553 862 2635; x_wconf 89' lang='lat' dir='ltr'>presbiter</span> <span class='ocrx_word' id='word_1_267' title='bbox 884 2553 1056 2616; x_wconf 87' lang='lat' dir='ltr'>cardinalis</span> <span class='ocrx_word' id='word_1_268' title='bbox 1079 2555 1128 2616; x_wconf 90' lang='lat' dir='ltr'>tit.</span> <span class='ocrx_word' id='word_1_269' title='bbox 1151 2562 1264 2639; x_wconf 77' lang='lat' dir='ltr'>sancte</span> <span class='ocrx_word' id='word_1_270' title='bbox 1287 2552 1462 2642; x_wconf 72' lang='lat' dir='ltr'>Anastasie</span> <span class='ocrx_word' id='word_1_271' title='bbox 1484 2574 1527 2616; x_wconf 81' lang='lat' dir='ltr'>ss</span> 
     </span>
    </p>

    <p class='ocr_par' dir='ltr' id='par_1_8' title="bbox 365 2643 1413 2728">
     <span class='ocr_line' id='line_1_27' title="bbox 365 2643 1413 2728; baseline 0 -22"><span class='ocrx_word' id='word_1_272' title='bbox 365 2646 385 2728; x_wconf 91' lang='lat'>†</span> <span class='ocrx_word' id='word_1_273' title='bbox 408 2644 482 2726; x_wconf 89' lang='lat' dir='ltr'>Ego</span> <span class='ocrx_word' id='word_1_274' title='bbox 506 2643 603 2706; x_wconf 93' lang='lat' dir='ltr'>lulius</span> <span class='ocrx_word' id='word_1_275' title='bbox 627 2643 789 2725; x_wconf 91' lang='lat' dir='ltr'>presbiter</span> <span class='ocrx_word' id='word_1_276' title='bbox 811 2643 984 2705; x_wconf 91' lang='lat' dir='ltr'>cardinalis</span> <span class='ocrx_word' id='word_1_277' title='bbox 1008 2644 1055 2705; x_wconf 91' lang='lat' dir='ltr'>tit.</span> <span class='ocrx_word' id='word_1_278' title='bbox 1078 2644 1181 2705; x_wconf 90' lang='lat' dir='ltr'>sancti</span> <span class='ocrx_word' id='word_1_279' title='bbox 1204 2643 1349 2706; x_wconf 91' lang='lat' dir='ltr'>Marcelli</span> <span class='ocrx_word' id='word_1_280' title='bbox 1372 2664 1413 2706; x_wconf 93' lang='lat' dir='ltr'>ss.</span> 
     </span>
    </p>

    <p class='ocr_par' dir='ltr' id='par_1_9' title="bbox 365 2731 1752 2819">
     <span class='ocr_line' id='line_1_28' title="bbox 365 2731 1752 2819; baseline 0 -23"><span class='ocrx_word' id='word_1_281' title='bbox 365 2735 386 2817; x_wconf 92' lang='lat'>†</span> <span class='ocrx_word' id='word_1_282' title='bbox 409 2734 481 2815; x_wconf 86' lang='lat' dir='ltr'>Ego</span> <span class='ocrx_word' id='word_1_283' title='bbox 505 2732 678 2796; x_wconf 91' lang='lat' dir='ltr'>Hubaldus</span> <span class='ocrx_word' id='word_1_284' title='bbox 703 2732 864 2813; x_wconf 90' lang='lat' dir='ltr'>presbiter</span> <span class='ocrx_word' id='word_1_285' title='bbox 887 2731 1060 2794; x_wconf 90' lang='lat' dir='ltr'>cardinalis</span> <span class='ocrx_word' id='word_1_286' title='bbox 1084 2733 1130 2794; x_wconf 90' lang='lat' dir='ltr'>tit.</span> <span class='ocrx_word' id='word_1_287' title='bbox 1153 2742 1266 2819; x_wconf 75' lang='lat' dir='ltr'>sancte</span> <span class='ocrx_word' id='word_1_288' title='bbox 1289 2731 1400 2796; x_wconf 89' lang='lat' dir='ltr'>Crucis</span> <span class='ocrx_word' id='word_1_289' title='bbox 1423 2734 1455 2796; x_wconf 93' lang='lat' dir='ltr'>in</span> <span class='ocrx_word' id='word_1_290' title='bbox 1478 2733 1687 2798; x_wconf 88' lang='lat' dir='ltr'>Hierusalem</span> <span class='ocrx_word' id='word_1_291' title='bbox 1711 2755 1752 2797; x_wconf 92' lang='lat' dir='ltr'>ss.</span> 
     </span>
    </p>

    <p class='ocr_par' dir='ltr' id='par_1_10' title="bbox 364 2820 1372 2906">
     <span class='ocr_line' id='line_1_29' title="bbox 364 2820 1372 2906; baseline -0.002 -21"><span class='ocrx_word' id='word_1_292' title='bbox 364 2824 385 2906; x_wconf 87' lang='lat'><strong>†</strong></span> <span class='ocrx_word' id='word_1_293' title='bbox 409 2822 482 2905; x_wconf 89' lang='lat' dir='ltr'>Ego</span> <span class='ocrx_word' id='word_1_294' title='bbox 506 2820 615 2885; x_wconf 91' lang='lat' dir='ltr'>Guido</span> <span class='ocrx_word' id='word_1_295' title='bbox 639 2821 800 2903; x_wconf 91' lang='lat' dir='ltr'>presbiter</span> <span class='ocrx_word' id='word_1_296' title='bbox 823 2822 995 2884; x_wconf 86' lang='lat' dir='ltr'>cardinalis</span> <span class='ocrx_word' id='word_1_297' title='bbox 1019 2824 1067 2884; x_wconf 90' lang='lat' dir='ltr'>tit.</span> <span class='ocrx_word' id='word_1_298' title='bbox 1091 2822 1234 2884; x_wconf 90' lang='lat' dir='ltr'>Pastoris</span> <span class='ocrx_word' id='word_1_299' title='bbox 1257 2843 1297 2884; x_wconf 89' lang='lat' dir='ltr'>ss.</span> <span class='ocrx_word' id='word_1_300' title='bbox 1321 2821 1372 2904; x_wconf 87' lang='lat'>(4)</span> 
     </span>
    </p>

    <p class='ocr_par' dir='ltr' id='par_1_11' title="bbox 365 2909 1829 2998">
     <span class='ocr_line' id='line_1_30' title="bbox 365 2909 1829 2998; baseline 0.003 -25"><span class='ocrx_word' id='word_1_301' title='bbox 365 2911 386 2994; x_wconf 91' lang='lat'><em>†</em></span> <span class='ocrx_word' id='word_1_302' title='bbox 409 2912 482 2993; x_wconf 94' lang='lat' dir='ltr'>Ego</span> <span class='ocrx_word' id='word_1_303' title='bbox 493 2910 653 2974; x_wconf 89' lang='lat' dir='ltr'>Iohannes</span> <span class='ocrx_word' id='word_1_304' title='bbox 665 2910 828 2993; x_wconf 91' lang='lat' dir='ltr'>presbiter</span> <span class='ocrx_word' id='word_1_305' title='bbox 839 2912 1011 2974; x_wconf 88' lang='lat' dir='ltr'>cardinalis</span> <span class='ocrx_word' id='word_1_306' title='bbox 1022 2919 1208 2974; x_wconf 88' lang='lat' dir='ltr'>sanctorum</span> <span class='ocrx_word' id='word_1_307' title='bbox 1218 2909 1373 2975; x_wconf 90' lang='lat' dir='ltr'>Iohannis</span> <span class='ocrx_word' id='word_1_308' title='bbox 1386 2920 1419 2975; x_wconf 90' lang='lat' dir='ltr'>et</span> <span class='ocrx_word' id='word_1_309' title='bbox 1426 2909 1541 2998; x_wconf 87' lang='lat' dir='ltr'>P(auli)</span> <span class='ocrx_word' id='word_1_310' title='bbox 1551 2913 1600 2976; x_wconf 75' lang='lat' dir='ltr'>tit.</span> <span class='ocrx_word' id='word_1_311' title='bbox 1611 2911 1778 2976; x_wconf 89' lang='lat' dir='ltr'>Pamachii</span> <span class='ocrx_word' id='word_1_312' title='bbox 1787 2933 1829 2977; x_wconf 91' lang='lat' dir='ltr'>ss.</span> 
     </span>
    </p>

    <p class='ocr_par' dir='ltr' id='par_1_12' title="bbox 366 3000 1678 3083">
     <span class='ocr_line' id='line_1_31' title="bbox 366 3000 1678 3083; baseline 0 -19"><span class='ocrx_word' id='word_1_313' title='bbox 366 3000 386 3082; x_wconf 92' lang='lat'>†</span> <span class='ocrx_word' id='word_1_314' title='bbox 409 3002 483 3083; x_wconf 89' lang='lat' dir='ltr'>Ego</span> <span class='ocrx_word' id='word_1_315' title='bbox 507 3000 644 3064; x_wconf 90' lang='lat' dir='ltr'>Cencius</span> <span class='ocrx_word' id='word_1_316' title='bbox 667 3000 830 3083; x_wconf 87' lang='lat' dir='ltr'>presbiter</span> <span class='ocrx_word' id='word_1_317' title='bbox 853 3000 1025 3063; x_wconf 90' lang='lat' dir='ltr'>cardinalis</span> <span class='ocrx_word' id='word_1_318' title='bbox 1047 3000 1093 3063; x_wconf 89' lang='lat' dir='ltr'>tit.</span> <span class='ocrx_word' id='word_1_319' title='bbox 1117 3002 1220 3064; x_wconf 90' lang='lat' dir='ltr'>sancti</span> <span class='ocrx_word' id='word_1_320' title='bbox 1245 3001 1409 3064; x_wconf 90' lang='lat' dir='ltr'>Laurentii</span> <span class='ocrx_word' id='word_1_321' title='bbox 1435 3004 1467 3064; x_wconf 89' lang='lat' dir='ltr'>iu</span> <span class='ocrx_word' id='word_1_322' title='bbox 1490 3001 1613 3065; x_wconf 89' lang='lat' dir='ltr'>Lucina</span> <span class='ocrx_word' id='word_1_323' title='bbox 1637 3022 1678 3064; x_wconf 88' lang='lat' dir='ltr'>ss.</span> 
     </span>
    </p>

    <p class='ocr_par' dir='ltr' id='par_1_13' title="bbox 369 3082 1799 3178">
     <span class='ocr_line' id='line_1_32' title="bbox 369 3082 1799 3178; baseline 0.002 -25"><span class='ocrx_word' id='word_1_324' title='bbox 369 3127 408 3136; x_wconf 93' lang='lat'><em>-</em></span> <span class='ocrx_word' id='word_1_325' title='bbox 433 3091 453 3170; x_wconf 85' lang='lat'>†</span> <span class='ocrx_word' id='word_1_326' title='bbox 475 3092 548 3171; x_wconf 84' lang='lat' dir='ltr'>Ego</span> <span class='ocrx_word' id='word_1_327' title='bbox 573 3089 650 3153; x_wconf 94' lang='lat' dir='ltr'>Odo</span> <span class='ocrx_word' id='word_1_328' title='bbox 674 3090 830 3152; x_wconf 90' lang='lat' dir='ltr'>diaconus</span> <span class='ocrx_word' id='word_1_329' title='bbox 853 3090 1024 3153; x_wconf 89' lang='lat' dir='ltr'>cardinalis</span> <span class='ocrx_word' id='word_1_330' title='bbox 1047 3091 1149 3152; x_wconf 88' lang='lat' dir='ltr'>sancti</span> <span class='ocrx_word' id='word_1_331' title='bbox 1174 3088 1308 3171; x_wconf 91' lang='lat' dir='ltr'>Georgii</span> <span class='ocrx_word' id='word_1_332' title='bbox 1333 3094 1373 3152; x_wconf 91' lang='lat' dir='ltr'>ad</span> <span class='ocrx_word' id='word_1_333' title='bbox 1398 3091 1518 3155; x_wconf 91' lang='lat' dir='ltr'>Velum</span> <span class='ocrx_word' id='word_1_334' title='bbox 1541 3111 1676 3155; x_wconf 91' lang='lat' dir='ltr'>aureum</span> <span class='ocrx_word' id='word_1_335' title='bbox 1701 3088 1711 3178; x_wconf 68' lang='lat' dir='ltr'>ll</span> <span class='ocrx_word' id='word_1_336' title='bbox 1732 3082 1799 3156; x_wconf 52' lang='lat' dir='ltr'>ss(</span> 
     </span>
    </p>

    <p class='ocr_par' dir='ltr' id='par_1_14' title="bbox 366 3176 1523 3261">
     <span class='ocr_line' id='line_1_33' title="bbox 366 3176 1523 3261; baseline 0.003 -21"><span class='ocrx_word' id='word_1_337' title='bbox 366 3182 387 3257; x_wconf 87' lang='lat'>†</span> <span class='ocrx_word' id='word_1_338' title='bbox 410 3177 483 3261; x_wconf 88' lang='lat' dir='ltr'>Ego</span> <span class='ocrx_word' id='word_1_339' title='bbox 508 3176 615 3242; x_wconf 91' lang='lat' dir='ltr'>Guido</span> <span class='ocrx_word' id='word_1_340' title='bbox 639 3180 795 3242; x_wconf 89' lang='lat' dir='ltr'>diaconus</span> <span class='ocrx_word' id='word_1_341' title='bbox 819 3179 990 3242; x_wconf 90' lang='lat' dir='ltr'>cardinalis</span> <span class='ocrx_word' id='word_1_342' title='bbox 1012 3187 1122 3242; x_wconf 89' lang='lat' dir='ltr'>sancte</span> <span class='ocrx_word' id='word_1_343' title='bbox 1147 3180 1250 3242; x_wconf 91' lang='lat' dir='ltr'>Marie</span> <span class='ocrx_word' id='word_1_344' title='bbox 1273 3181 1305 3242; x_wconf 92' lang='lat' dir='ltr'>in</span> <span class='ocrx_word' id='word_1_345' title='bbox 1329 3180 1458 3243; x_wconf 92' lang='lat' dir='ltr'>Porticu</span> <span class='ocrx_word' id='word_1_346' title='bbox 1481 3200 1523 3243; x_wconf 91' lang='lat' dir='ltr'>ss.</span> 
     </span>
    </p>

    <p class='ocr_par' dir='ltr' id='par_1_15' title="bbox 366 3267 1613 3351">
     <span class='ocr_line' id='line_1_34' title="bbox 366 3267 1613 3351; baseline 0.003 -21"><span class='ocrx_word' id='word_1_347' title='bbox 366 3268 387 3350; x_wconf 85' lang='lat'><strong>†</strong></span> <span class='ocrx_word' id='word_1_348' title='bbox 410 3267 482 3350; x_wconf 88' lang='lat' dir='ltr'>Ego</span> <span class='ocrx_word' id='word_1_349' title='bbox 505 3269 643 3331; x_wconf 89' lang='lat' dir='ltr'>Iacintus</span> <span class='ocrx_word' id='word_1_350' title='bbox 667 3269 823 3332; x_wconf 89' lang='lat' dir='ltr'>diaconus</span> <span class='ocrx_word' id='word_1_351' title='bbox 846 3268 1017 3331; x_wconf 86' lang='lat' dir='ltr'>cardinalis</span> <span class='ocrx_word' id='word_1_352' title='bbox 1039 3277 1152 3331; x_wconf 87' lang='lat' dir='ltr'>sancte</span> <span class='ocrx_word' id='word_1_353' title='bbox 1175 3269 1277 3332; x_wconf 89' lang='lat' dir='ltr'>Marie</span> <span class='ocrx_word' id='word_1_354' title='bbox 1300 3271 1332 3332; x_wconf 92' lang='lat' dir='ltr'>in</span> <span class='ocrx_word' id='word_1_355' title='bbox 1356 3268 1549 3351; x_wconf 88' lang='lat' dir='ltr'>Cosmydyn</span> <span class='ocrx_word' id='word_1_356' title='bbox 1571 3289 1613 3334; x_wconf 92' lang='lat' dir='ltr'>ss.</span> 
     </span>
    </p>

    <p class='ocr_par' dir='ltr' id='par_1_16' title="bbox 367 3355 1705 3443">
     <span class='ocr_line' id='line_1_35' title="bbox 367 3355 1705 3443; baseline 0.003 -25"><span class='ocrx_word' id='word_1_357' title='bbox 367 3356 388 3438; x_wconf 93' lang='lat'>†</span> <span class='ocrx_word' id='word_1_358' title='bbox 410 3356 483 3440; x_wconf 87' lang='lat' dir='ltr'>Ego</span> <span class='ocrx_word' id='word_1_359' title='bbox 507 3356 668 3420; x_wconf 89' lang='lat' dir='ltr'>lohannes</span> <span class='ocrx_word' id='word_1_360' title='bbox 692 3360 849 3421; x_wconf 90' lang='lat' dir='ltr'>diaconus</span> <span class='ocrx_word' id='word_1_361' title='bbox 873 3357 1041 3421; x_wconf 89' lang='lat' dir='ltr'>cardinalis</span> <span class='ocrx_word' id='word_1_362' title='bbox 1064 3366 1252 3420; x_wconf 91' lang='lat' dir='ltr'>sanctorum</span> <span class='ocrx_word' id='word_1_363' title='bbox 1275 3355 1380 3440; x_wconf 90' lang='lat' dir='ltr'>Sergii</span> <span class='ocrx_word' id='word_1_364' title='bbox 1404 3367 1437 3422; x_wconf 91' lang='lat' dir='ltr'>et</span> <span class='ocrx_word' id='word_1_365' title='bbox 1459 3358 1559 3422; x_wconf 89' lang='lat' dir='ltr'>Bachi</span> <span class='ocrx_word' id='word_1_366' title='bbox 1582 3379 1625 3423; x_wconf 91' lang='lat' dir='ltr'>ss.</span> <span class='ocrx_word' id='word_1_367' title='bbox 1650 3357 1705 3443; x_wconf 89' lang='lat'>(1)</span> 
     </span>
    </p>

    <p class='ocr_par' dir='ltr' id='par_1_17' title="bbox 367 3444 1783 3531">
     <span class='ocr_line' id='line_1_36' title="bbox 367 3444 1783 3531; baseline 0.002 -23"><span class='ocrx_word' id='word_1_368' title='bbox 367 3447 389 3525; x_wconf 88' lang='lat'><strong>†</strong></span> <span class='ocrx_word' id='word_1_369' title='bbox 411 3446 484 3528; x_wconf 92' lang='lat' dir='ltr'>Ego</span> <span class='ocrx_word' id='word_1_370' title='bbox 507 3444 585 3510; x_wconf 92' lang='lat' dir='ltr'>Odo</span> <span class='ocrx_word' id='word_1_371' title='bbox 609 3447 764 3510; x_wconf 90' lang='lat' dir='ltr'>diaconus</span> <span class='ocrx_word' id='word_1_372' title='bbox 788 3448 961 3510; x_wconf 90' lang='lat' dir='ltr'>cardinalis</span> <span class='ocrx_word' id='word_1_373' title='bbox 982 3449 1085 3510; x_wconf 91' lang='lat' dir='ltr'>sancti</span> <span class='ocrx_word' id='word_1_374' title='bbox 1109 3445 1258 3510; x_wconf 91' lang='lat' dir='ltr'>Nicholai</span> <span class='ocrx_word' id='word_1_375' title='bbox 1282 3450 1314 3510; x_wconf 92' lang='lat' dir='ltr'>in</span> <span class='ocrx_word' id='word_1_376' title='bbox 1338 3467 1468 3511; x_wconf 91' lang='lat' dir='ltr'>carcere</span> <span class='ocrx_word' id='word_1_377' title='bbox 1488 3447 1638 3511; x_wconf 91' lang='lat' dir='ltr'>Tulliano</span> <span class='ocrx_word' id='word_1_378' title='bbox 1661 3469 1704 3513; x_wconf 90' lang='lat' dir='ltr'>ss.</span> <span class='ocrx_word' id='word_1_379' title='bbox 1728 3450 1783 3531; x_wconf 76' lang='lat'>(7)</span> 
     </span>
    </p>

    <p class='ocr_par' dir='ltr' id='par_1_18' title="bbox 316 3534 1829 3619">
     <span class='ocr_line' id='line_1_37' title="bbox 316 3534 1829 3619; baseline 0.003 -22"><span class='ocrx_word' id='word_1_380' title='bbox 316 3534 391 3598; x_wconf 89' lang='lat' dir='ltr'>Dat.</span> <span class='ocrx_word' id='word_1_381' title='bbox 414 3536 576 3613; x_wconf 90' lang='lat' dir='ltr'>Laterani,</span> <span class='ocrx_word' id='word_1_382' title='bbox 604 3558 663 3618; x_wconf 91' lang='lat' dir='ltr'>per</span> <span class='ocrx_word' id='word_1_383' title='bbox 686 3558 818 3600; x_wconf 90' lang='lat' dir='ltr'>manum</span> <span class='ocrx_word' id='word_1_384' title='bbox 841 3537 991 3614; x_wconf 88' lang='lat' dir='ltr'>Rolandi‚</span> <span class='ocrx_word' id='word_1_385' title='bbox 1022 3537 1194 3619; x_wconf 89' lang='lat' dir='ltr'>presbiteri</span> <span class='ocrx_word' id='word_1_386' title='bbox 1217 3536 1388 3600; x_wconf 90' lang='lat' dir='ltr'>cardinalis</span> <span class='ocrx_word' id='word_1_387' title='bbox 1412 3546 1445 3600; x_wconf 92' lang='lat' dir='ltr'>et</span> <span class='ocrx_word' id='word_1_388' title='bbox 1466 3536 1656 3602; x_wconf 89' lang='lat' dir='ltr'>cancellarii.</span> <span class='ocrx_word' id='word_1_389' title='bbox 1702 3551 1726 3599; x_wconf 89' lang='lat' dir='ltr'><strong>V</strong></span> <span class='ocrx_word' id='word_1_390' title='bbox 1750 3539 1829 3602; x_wconf 92' lang='lat' dir='ltr'>Idus</span> 
     </span>
    </p>

    <p class='ocr_par' dir='ltr' id='par_1_19' title="bbox 156 3622 1828 3798">
     <span class='ocr_line' id='line_1_38' title="bbox 156 3622 1828 3692; baseline 0.005 -8"><span class='ocrx_word' id='word_1_391' title='bbox 156 3623 236 3686; x_wconf 91' lang='lat' dir='ltr'>Dec.</span> <span class='ocrx_word' id='word_1_392' title='bbox 288 3622 472 3689; x_wconf 89' lang='lat' dir='ltr'>Indictione</span> <span class='ocrx_word' id='word_1_393' title='bbox 502 3641 536 3688; x_wconf 90' lang='lat'>11.</span> <span class='ocrx_word' id='word_1_394' title='bbox 589 3626 822 3689; x_wconf 88' lang='lat' dir='ltr'>incarnationis</span> <span class='ocrx_word' id='word_1_395' title='bbox 860 3628 1026 3691; x_wconf 91' lang='lat' dir='ltr'>dominice</span> <span class='ocrx_word' id='word_1_396' title='bbox 1064 3646 1150 3691; x_wconf 92' lang='lat' dir='ltr'>anno</span> <span class='ocrx_word' id='word_1_397' title='bbox 1182 3639 1302 3688; x_wconf 80' lang='lat' dir='ltr'>MCLIII.</span> <span class='ocrx_word' id='word_1_398' title='bbox 1355 3625 1565 3690; x_wconf 90' lang='lat' dir='ltr'>Pontificatus</span> <span class='ocrx_word' id='word_1_399' title='bbox 1595 3647 1676 3691; x_wconf 90' lang='lat' dir='ltr'>vero</span> <span class='ocrx_word' id='word_1_400' title='bbox 1713 3629 1828 3692; x_wconf 92' lang='lat' dir='ltr'>domni</span> 
     </span>
     <span class='ocr_line' id='line_1_39' title="bbox 157 3711 795 3798; baseline 0.008 -24"><span class='ocrx_word' id='word_1_401' title='bbox 157 3711 322 3776; x_wconf 87' lang='lat' dir='ltr'>Anastasii</span> <span class='ocrx_word' id='word_1_402' title='bbox 345 3729 398 3778; x_wconf 90' lang='lat'>1111</span> <span class='ocrx_word' id='word_1_403' title='bbox 420 3736 478 3797; x_wconf 92' lang='lat' dir='ltr'>pp.</span> <span class='ocrx_word' id='word_1_404' title='bbox 501 3736 588 3779; x_wconf 90' lang='lat' dir='ltr'>anno</span> <span class='ocrx_word' id='word_1_405' title='bbox 612 3718 729 3798; x_wconf 87' lang='lat' dir='ltr'>primo.</span> <span class='ocrx_word' id='word_1_406' title='bbox 752 3751 795 3761; x_wconf 95' lang='lat'>—</span> 
     </span>
    </p>
   </div>
   <div class='ocr_carea' id='block_1_3' title="bbox 157 3827 1832 4182">
    <p class='ocr_par' dir='ltr' id='par_1_20' title="bbox 319 3827 862 3879">
     <span class='ocr_line' id='line_1_40' title="bbox 319 3827 862 3879; baseline 0.004 -3"><span class='ocrx_word' id='word_1_407' title='bbox 319 3827 362 3879; x_wconf 92' lang='lat' dir='ltr'>Or.</span> <span class='ocrx_word' id='word_1_408' title='bbox 381 3828 415 3877; x_wconf 84' lang='lat' dir='ltr'>im</span> <span class='ocrx_word' id='word_1_409' title='bbox 432 3829 546 3878; x_wconf 74' lang='lat' dir='ltr'>Archivio</span> <span class='ocrx_word' id='word_1_410' title='bbox 563 3831 590 3878; x_wconf 85' lang='lat' dir='ltr'>di</span> <span class='ocrx_word' id='word_1_411' title='bbox 605 3831 673 3879; x_wconf 77' lang='lat' dir='ltr'>Stolo</span> <span class='ocrx_word' id='word_1_412' title='bbox 689 3847 720 3879; x_wconf 80' lang='lat' dir='ltr'>au</span> <span class='ocrx_word' id='word_1_413' title='bbox 739 3828 862 3878; x_wconf 77' lang='lat' dir='ltr'>Mailand.</span> 
     </span>
    </p>

    <p class='ocr_par' dir='ltr' id='par_1_21' title="bbox 157 3901 1832 4182">
     <span class='ocr_line' id='line_1_41' title="bbox 318 3901 1828 3966; baseline 0.002 -18"><span class='ocrx_word' id='word_1_414' title='bbox 318 3901 386 3965; x_wconf 76' lang='lat' dir='ltr'>Perg.</span> <span class='ocrx_word' id='word_1_415' title='bbox 405 3901 464 3960; x_wconf 66' lang='lat' dir='ltr'>itae,</span> <span class='ocrx_word' id='word_1_416' title='bbox 482 3902 519 3951; x_wconf 87' lang='lat' dir='ltr'>br.</span> <span class='ocrx_word' id='word_1_417' title='bbox 537 3904 623 3961; x_wconf 83' lang='lat'>0,516,</span> <span class='ocrx_word' id='word_1_418' title='bbox 642 3904 702 3966; x_wconf 84' lang='lat' dir='ltr'>lang</span> <span class='ocrx_word' id='word_1_419' title='bbox 719 3904 806 3960; x_wconf 84' lang='lat'>0,705,</span> <span class='ocrx_word' id='word_1_420' title='bbox 824 3907 899 3950; x_wconf 80' lang='lat' dir='ltr'>untm</span> <span class='ocrx_word' id='word_1_421' title='bbox 917 3901 979 3959; x_wconf 87' lang='lat'>0,03</span> <span class='ocrx_word' id='word_1_422' title='bbox 997 3901 1191 3966; x_wconf 77' lang='lat' dir='ltr'>umgescltlagm,</span> <span class='ocrx_word' id='word_1_423' title='bbox 1218 3901 1294 3949; x_wconf 83' lang='lat' dir='ltr'>durch</span> <span class='ocrx_word' id='word_1_424' title='bbox 1319 3901 1377 3950; x_wconf 72' lang='lat' dir='ltr'>awti</span> <span class='ocrx_word' id='word_1_425' title='bbox 1392 3902 1485 3950; x_wconf 74' lang='lat' dir='ltr'>Lir&#39;cker</span> <span class='ocrx_word' id='word_1_426' title='bbox 1504 3901 1562 3966; x_wconf 80' lang='lat' dir='ltr'>geht</span> <span class='ocrx_word' id='word_1_427' title='bbox 1583 3901 1620 3951; x_wconf 82' lang='lat' dir='ltr'>die</span> <span class='ocrx_word' id='word_1_428' title='bbox 1642 3901 1828 3951; x_wconf 71' lang='lat' dir='ltr'>brdurrlicltrora</span> 
     </span>
     <span class='ocr_line' id='line_1_42' title="bbox 157 3969 1832 4039; baseline 0.002 -21"><span class='ocrx_word' id='word_1_429' title='bbox 157 3969 307 4035; x_wconf 69' lang='lat' dir='ltr'>rtarkfci&#39;drgc</span> <span class='ocrx_word' id='word_1_430' title='bbox 324 3971 510 4032; x_wconf 80' lang='lat' dir='ltr'>Seidensrhrmr,</span> <span class='ocrx_word' id='word_1_431' title='bbox 536 3974 607 4021; x_wconf 81' lang='lat' dir='ltr'>deren</span> <span class='ocrx_word' id='word_1_432' title='bbox 625 3973 750 4038; x_wconf 65' lang='lat' dir='ltr'>Bleriirgel</span> <span class='ocrx_word' id='word_1_433' title='bbox 769 3974 883 4021; x_wconf 81' lang='lat' dir='ltr'>verlorm.</span> <span class='ocrx_word' id='word_1_434' title='bbox 920 3973 1028 4038; x_wconf 80' lang='lat' dir='ltr'>Fallusrg</span> <span class='ocrx_word' id='word_1_435' title='bbox 1045 3973 1088 4021; x_wconf 78' lang='lat' dir='ltr'>der</span> <span class='ocrx_word' id='word_1_436' title='bbox 1104 3973 1201 4021; x_wconf 81' lang='lat' dir='ltr'>Bullen.</span> <span class='ocrx_word' id='word_1_437' title='bbox 1238 3973 1375 4039; x_wconf 79' lang='lat' dir='ltr'>Ringkreus</span> <span class='ocrx_word' id='word_1_438' title='bbox 1393 3974 1448 4021; x_wconf 84' lang='lat' dir='ltr'>und</span> <span class='ocrx_word' id='word_1_439' title='bbox 1467 3973 1631 4038; x_wconf 68' lang='lat' dir='ltr'>Untersckrrst</span> <span class='ocrx_word' id='word_1_440' title='bbox 1643 3973 1733 4039; x_wconf 79' lang='lat' dir='ltr'>gleiclu</span> <span class='ocrx_word' id='word_1_441' title='bbox 1751 3974 1832 4022; x_wconf 78' lang='lat' dir='ltr'>Haud</span> 
     </span>
     <span class='ocr_line' id='line_1_43' title="bbox 157 4043 1830 4109; baseline 0.003 -20"><span class='ocrx_word' id='word_1_442' title='bbox 157 4043 212 4090; x_wconf 84' lang='lat' dir='ltr'>und</span> <span class='ocrx_word' id='word_1_443' title='bbox 226 4043 308 4091; x_wconf 79' lang='lat' dir='ltr'>Dinte.</span> <span class='ocrx_word' id='word_1_444' title='bbox 339 4044 388 4092; x_wconf 85' lang='lat' dir='ltr'>Dic</span> <span class='ocrx_word' id='word_1_445' title='bbox 408 4044 544 4108; x_wconf 78' lang='lat' dir='ltr'>Umschrist</span> <span class='ocrx_word' id='word_1_446' title='bbox 559 4045 618 4109; x_wconf 67' lang='lat' dir='ltr'>cergi</span> <span class='ocrx_word' id='word_1_447' title='bbox 634 4045 671 4094; x_wconf 86' lang='lat' dir='ltr'>die</span> <span class='ocrx_word' id='word_1_448' title='bbox 688 4045 773 4094; x_wconf 77' lang='lat' dir='ltr'>hellere</span> <span class='ocrx_word' id='word_1_449' title='bbox 786 4059 864 4108; x_wconf 78' lang='lat' dir='ltr'>gram</span> <span class='ocrx_word' id='word_1_450' title='bbox 882 4044 957 4092; x_wconf 84' lang='lat' dir='ltr'>Dinte</span> <span class='ocrx_word' id='word_1_451' title='bbox 974 4045 1019 4093; x_wconf 82' lang='lat' dir='ltr'>mit</span> <span class='ocrx_word' id='word_1_452' title='bbox 1035 4047 1078 4093; x_wconf 85' lang='lat' dir='ltr'>der</span> <span class='ocrx_word' id='word_1_453' title='bbox 1095 4044 1132 4092; x_wconf 85' lang='lat' dir='ltr'>die</span> <span class='ocrx_word' id='word_1_454' title='bbox 1149 4044 1278 4109; x_wconf 78' lang='lat' dir='ltr'>Dalimng</span> <span class='ocrx_word' id='word_1_455' title='bbox 1294 4044 1445 4109; x_wconf 74' lang='lat' dir='ltr'>ausgcfiihrt,</span> <span class='ocrx_word' id='word_1_456' title='bbox 1470 4045 1496 4091; x_wconf 84' lang='lat' dir='ltr'>in</span> <span class='ocrx_word' id='word_1_457' title='bbox 1513 4045 1600 4093; x_wconf 80' lang='lat' dir='ltr'>welche</span> <span class='ocrx_word' id='word_1_458' title='bbox 1617 4046 1662 4093; x_wconf 86' lang='lat' dir='ltr'>das</span> <span class='ocrx_word' id='word_1_459' title='bbox 1680 4045 1703 4093; x_wconf 90' lang='lat' dir='ltr'>R</span> <span class='ocrx_word' id='word_1_460' title='bbox 1718 4046 1830 4094; x_wconf 66' lang='lat' dir='ltr'>leolam</span> 
     </span>
     <span class='ocr_line' id='line_1_44' title="bbox 158 4113 1831 4182; baseline 0.003 -22"><span class='ocrx_word' id='word_1_461' title='bbox 158 4114 202 4161; x_wconf 83' lang='lat' dir='ltr'>mit</span> <span class='ocrx_word' id='word_1_462' title='bbox 219 4113 348 4162; x_wconf 82' lang='lat' dir='ltr'>dunklerer</span> <span class='ocrx_word' id='word_1_463' title='bbox 363 4115 518 4180; x_wconf 77' lang='lat' dir='ltr'>eingrtragen.</span> <span class='ocrx_word' id='word_1_464' title='bbox 551 4116 730 4182; x_wconf 73' lang='lat' dir='ltr'>Zeugenfirnmr</span> <span class='ocrx_word' id='word_1_465' title='bbox 748 4114 871 4165; x_wconf 78' lang='lat' dir='ltr'>tirilwer&#39;se</span> <span class='ocrx_word' id='word_1_466' title='bbox 887 4131 934 4165; x_wconf 86' lang='lat' dir='ltr'>von</span> <span class='ocrx_word' id='word_1_467' title='bbox 951 4117 1128 4165; x_wconf 79' lang='lat' dir='ltr'>verschiedener</span> <span class='ocrx_word' id='word_1_468' title='bbox 1145 4116 1225 4164; x_wconf 84' lang='lat' dir='ltr'>Hand</span> <span class='ocrx_word' id='word_1_469' title='bbox 1239 4116 1294 4163; x_wconf 86' lang='lat' dir='ltr'>und</span> <span class='ocrx_word' id='word_1_470' title='bbox 1309 4117 1400 4176; x_wconf 78' lang='lat' dir='ltr'>Dr&#39;nte;</span> <span class='ocrx_word' id='word_1_471' title='bbox 1417 4116 1475 4165; x_wconf 76' lang='lat' dir='ltr'>brim</span> <span class='ocrx_word' id='word_1_472' title='bbox 1494 4116 1621 4165; x_wconf 75' lang='lat' dir='ltr'>Diakoncrr</span> <span class='ocrx_word' id='word_1_473' title='bbox 1643 4116 1723 4165; x_wconf 76' lang='lat' dir='ltr'>Gurilo</span> <span class='ocrx_word' id='word_1_474' title='bbox 1740 4117 1831 4166; x_wconf 69' lang='lat' dir='ltr'>scheba!</span> 
     </span>
    </p>
   </div>
   <div class='ocr_carea' id='block_1_4' title="bbox 157 4186 1830 4322">
    <p class='ocr_par' dir='ltr' id='par_1_22' title="bbox 157 4186 1830 4322">
     <span class='ocr_line' id='line_1_45' title="bbox 157 4186 1830 4306; baseline 0.004 -73"><span class='ocrx_word' id='word_1_475' title='bbox 157 4186 247 4268; x_wconf 45' lang='lat'>[¹³3⁰</span> <span class='ocrx_word' id='word_1_476' title='bbox 264 4200 312 4234; x_wconf 85' lang='lat' dir='ltr'>von</span> <span class='ocrx_word' id='word_1_477' title='bbox 322 4186 489 4306; x_wconf 45' lang='lat' dir='ltr'>§mellum</span> <span class='ocrx_word' id='word_1_478' title='bbox 510 4188 591 4247; x_wconf 67' lang='lat' dir='ltr'>Dirae,</span> <span class='ocrx_word' id='word_1_479' title='bbox 615 4188 661 4237; x_wconf 78' lang='lat' dir='ltr'>mit</span> <span class='ocrx_word' id='word_1_480' title='bbox 677 4189 720 4238; x_wconf 86' lang='lat' dir='ltr'>der</span> <span class='ocrx_word' id='word_1_481' title='bbox 737 4188 774 4237; x_wconf 84' lang='lat' dir='ltr'>die</span> <span class='ocrx_word' id='word_1_482' title='bbox 791 4188 1002 4238; x_wconf 75' lang='lat' dir='ltr'>dariiberstehende</span> <span class='ocrx_word' id='word_1_483' title='bbox 1019 4189 1108 4237; x_wconf 85' lang='lat' dir='ltr'>Firma</span> <span class='ocrx_word' id='word_1_484' title='bbox 1130 4187 1193 4236; x_wconf 82' lang='lat' dir='ltr'>Odor</span> <span class='ocrx_word' id='word_1_485' title='bbox 1210 4187 1366 4253; x_wconf 70' lang='lat' dir='ltr'>mugqiihrt,</span> <span class='ocrx_word' id='word_1_486' title='bbox 1388 4187 1536 4253; x_wconf 75' lang='lat' dir='ltr'>eirrgeirageu</span> <span class='ocrx_word' id='word_1_487' title='bbox 1553 4204 1583 4236; x_wconf 74' lang='lat' dir='ltr'>zu</span> <span class='ocrx_word' id='word_1_488' title='bbox 1600 4188 1658 4249; x_wconf 84' lang='lat' dir='ltr'>sein,</span> <span class='ocrx_word' id='word_1_489' title='bbox 1683 4188 1729 4237; x_wconf 77' lang='lat' dir='ltr'>das</span> <span class='ocrx_word' id='word_1_490' title='bbox 1748 4188 1830 4255; x_wconf 57' lang='lat' dir='ltr'>&amp;brige</span> 
     </span>
     <span class='ocr_line' id='line_1_46' title="bbox 157 4263 444 4322; baseline 0.003 -16"><span class='ocrx_word' id='word_1_491' title='bbox 157 4263 216 4322; x_wconf 70' lang='lat' dir='ltr'>sergi</span> <span class='ocrx_word' id='word_1_492' title='bbox 231 4263 305 4306; x_wconf 82' lang='lat' dir='ltr'>etwas</span> <span class='ocrx_word' id='word_1_493' title='bbox 400 4273 444 4307; x_wconf 85' lang='lat' dir='ltr'>ere.</span> 
     </span>
    </p>
   </div>
   <div class='ocr_carea' id='block_1_5' title="bbox 898 4542 1078 4617">
    <p class='ocr_par' dir='ltr' id='par_1_23' title="bbox 898 4542 1078 4617">
     <span class='ocr_line' id='line_1_47' title="bbox 898 4542 1078 4617; baseline -0.011 0"><span class='ocrx_word' id='word_1_494' title='bbox 898 4542 965 4617; x_wconf 90' lang='lat' dir='ltr'>Nr.</span> <span class='ocrx_word' id='word_1_495' title='bbox 993 4545 1078 4617; x_wconf 77' lang='lat'>125.</span> 
     </span>
    </p>
   </div>
   <div class='ocr_carea' id='block_1_6' title="bbox 158 4691 1833 4866">
    <p class='ocr_par' dir='ltr' id='par_1_24' title="bbox 158 4691 1833 4866">
     <span class='ocr_line' id='line_1_48' title="bbox 158 4691 1833 4777; baseline 0.002 -22"><span class='ocrx_word' id='word_1_496' title='bbox 158 4691 387 4775; x_wconf 83' lang='lat' dir='ltr'>†Anastasr&#39;us</span> <span class='ocrx_word' id='word_1_497' title='bbox 403 4692 461 4757; x_wconf 86' lang='lat' dir='ltr'>IV</span> <span class='ocrx_word' id='word_1_498' title='bbox 479 4693 628 4777; x_wconf 74' lang='lat' dir='ltr'>bestiitrgt</span> <span class='ocrx_word' id='word_1_499' title='bbox 647 4692 721 4757; x_wconf 81' lang='lat' dir='ltr'>dem</span> <span class='ocrx_word' id='word_1_500' title='bbox 743 4692 859 4756; x_wconf 81' lang='lat' dir='ltr'>Rector</span> <span class='ocrx_word' id='word_1_501' title='bbox 880 4692 995 4756; x_wconf 83' lang='lat' dir='ltr'>Rz&#39;ciur</span> <span class='ocrx_word' id='word_1_502' title='bbox 1017 4693 1072 4755; x_wconf 85' lang='lat' dir='ltr'>die</span> <span class='ocrx_word' id='word_1_503' title='bbox 1099 4692 1335 4757; x_wconf 75' lang='lat' dir='ltr'>Besitztlrzimer</span> <span class='ocrx_word' id='word_1_504' title='bbox 1354 4694 1465 4757; x_wconf 79' lang='lat' dir='ltr'>ser&#39;ner</span> <span class='ocrx_word' id='word_1_505' title='bbox 1488 4691 1624 4772; x_wconf 82' lang='lat' dir='ltr'>Kirclze,</span> <span class='ocrx_word' id='word_1_506' title='bbox 1654 4692 1777 4758; x_wconf 79' lang='lat' dir='ltr'>welche</span> <span class='ocrx_word' id='word_1_507' title='bbox 1795 4715 1833 4758; x_wconf 84' lang='lat' dir='ltr'>er</span> 
     </span>
     <span class='ocr_line' id='line_1_49' title="bbox 679 4781 1299 4866; baseline 0.003 -21"><span class='ocrx_word' id='word_1_508' title='bbox 679 4784 713 4846; x_wconf 87' lang='lat' dir='ltr'>in</span> <span class='ocrx_word' id='word_1_509' title='bbox 735 4783 962 4866; x_wconf 80' lang='lat' dir='ltr'>apostolisclcen</span> <span class='ocrx_word' id='word_1_510' title='bbox 985 4781 1103 4848; x_wconf 74' lang='lat' dir='ltr'>Sclrutr</span> <span class='ocrx_word' id='word_1_511' title='bbox 1124 4784 1245 4848; x_wconf 84' lang='lat' dir='ltr'>nimmt</span> <span class='ocrx_word' id='word_1_512' title='bbox 1262 4785 1299 4863; x_wconf 88' lang='lat'>¹).</span> 
     </span>
    </p>
   </div>
   <div class='ocr_carea' id='block_1_7' title="bbox 732 4897 1252 4962">
    <p class='ocr_par' dir='ltr' id='par_1_25' title="bbox 732 4897 1252 4962">
     <span class='ocr_line' id='line_1_50' title="bbox 732 4897 1252 4962; baseline -0.002 -1"><span class='ocrx_word' id='word_1_513' title='bbox 732 4900 817 4961; x_wconf 82' lang='lat'><strong><em>1153</em></strong></span> <span class='ocrx_word' id='word_1_514' title='bbox 832 4897 1006 4962; x_wconf 77' lang='lat' dir='ltr'>December</span> <span class='ocrx_word' id='word_1_515' title='bbox 1019 4901 1073 4962; x_wconf 79' lang='lat'>20.</span> <span class='ocrx_word' id='word_1_516' title='bbox 1104 4900 1252 4962; x_wconf 85' lang='lat' dir='ltr'>Lateran.</span> 
     </span>
    </p>
   </div>
   <div class='ocr_carea' id='block_1_8' title="bbox 159 5013 1830 5456">
    <p class='ocr_par' dir='ltr' id='par_1_26' title="bbox 159 5013 1830 5456">
     <span class='ocr_line' id='line_1_51' title="bbox 319 5013 1830 5105; baseline 0.002 -29"><span class='ocrx_word' id='word_1_517' title='bbox 319 5013 513 5077; x_wconf 90' lang='lat' dir='ltr'>Anastasius</span> <span class='ocrx_word' id='word_1_518' title='bbox 537 5015 721 5097; x_wconf 89' lang='lat' dir='ltr'>episcopus,</span> <span class='ocrx_word' id='word_1_519' title='bbox 750 5035 861 5078; x_wconf 89' lang='lat' dir='ltr'>servus</span> <span class='ocrx_word' id='word_1_520' title='bbox 884 5035 1050 5078; x_wconf 90' lang='lat' dir='ltr'>servorum</span> <span class='ocrx_word' id='word_1_521' title='bbox 1075 5016 1142 5089; x_wconf 91' lang='lat' dir='ltr'>dei,</span> <span class='ocrx_word' id='word_1_522' title='bbox 1172 5014 1294 5077; x_wconf 91' lang='lat' dir='ltr'>dilecto</span> <span class='ocrx_word' id='word_1_523' title='bbox 1317 5013 1385 5077; x_wconf 86' lang='lat' dir='ltr'>filio</span> <span class='ocrx_word' id='word_1_524' title='bbox 1408 5015 1511 5089; x_wconf 89' lang='lat' dir='ltr'>Ricio,</span> <span class='ocrx_word' id='word_1_525' title='bbox 1541 5015 1662 5077; x_wconf 91' lang='lat' dir='ltr'>rectori</span> <span class='ocrx_word' id='word_1_526' title='bbox 1694 5016 1830 5105; x_wconf 72' lang='lat' dir='ltr'>ecclesie</span> 
     </span>
     <span class='ocr_line' id='line_1_52' title="bbox 159 5103 1828 5189; baseline 0.002 -23"><span class='ocrx_word' id='word_1_527' title='bbox 159 5106 263 5167; x_wconf 90' lang='lat' dir='ltr'>sancti</span> <span class='ocrx_word' id='word_1_528' title='bbox 286 5103 398 5167; x_wconf 87' lang='lat' dir='ltr'>lacobi</span> <span class='ocrx_word' id='word_1_529' title='bbox 422 5105 464 5166; x_wconf 91' lang='lat' dir='ltr'>de</span> <span class='ocrx_word' id='word_1_530' title='bbox 487 5104 625 5180; x_wconf 91' lang='lat' dir='ltr'>Almiro,</span> <span class='ocrx_word' id='word_1_531' title='bbox 650 5106 784 5184; x_wconf 92' lang='lat' dir='ltr'>eiusque</span> <span class='ocrx_word' id='word_1_532' title='bbox 808 5105 1049 5167; x_wconf 91' lang='lat' dir='ltr'>successoribus</span> <span class='ocrx_word' id='word_1_533' title='bbox 1074 5105 1228 5166; x_wconf 89' lang='lat' dir='ltr'>canonice</span> <span class='ocrx_word' id='word_1_534' title='bbox 1253 5104 1494 5185; x_wconf 90' lang='lat' dir='ltr'>promovendis,</span> <span class='ocrx_word' id='word_1_535' title='bbox 1517 5116 1555 5165; x_wconf 84' lang='grc' dir='ltr'>ΙΝ</span> <span class='ocrx_word' id='word_1_536' title='bbox 1579 5115 1656 5164; x_wconf 80' lang='lat' dir='ltr'>PPM.</span> <span class='ocrx_word' id='word_1_537' title='bbox 1681 5140 1728 5152; x_wconf 90' lang='lat'>-·</span> <span class='ocrx_word' id='word_1_538' title='bbox 1748 5104 1754 5189; x_wconf 79' lang='grc' dir='ltr'>Ι</span> <span class='ocrx_word' id='word_1_539' title='bbox 1775 5106 1828 5169; x_wconf 90' lang='lat' dir='ltr'>Pie</span> 
     </span>
     <span class='ocr_line' id='line_1_53' title="bbox 161 5192 1827 5277; baseline 0.002 -21"><span class='ocrx_word' id='word_1_540' title='bbox 161 5193 340 5277; x_wconf 90' lang='lat' dir='ltr'>postulatio</span> <span class='ocrx_word' id='word_1_541' title='bbox 369 5193 544 5256; x_wconf 89' lang='lat' dir='ltr'>voluntatis</span> <span class='ocrx_word' id='word_1_542' title='bbox 576 5193 694 5256; x_wconf 89' lang='lat' dir='ltr'>effectu</span> <span class='ocrx_word' id='word_1_543' title='bbox 725 5194 825 5257; x_wconf 91' lang='lat' dir='ltr'>debet</span> <span class='ocrx_word' id='word_1_544' title='bbox 857 5202 1078 5275; x_wconf 89' lang='lat' dir='ltr'>prosequente</span> <span class='ocrx_word' id='word_1_545' title='bbox 1110 5193 1285 5274; x_wconf 89' lang='lat' dir='ltr'>compleri,</span> <span class='ocrx_word' id='word_1_546' title='bbox 1322 5200 1358 5255; x_wconf 91' lang='lat' dir='ltr'>ut</span> <span class='ocrx_word' id='word_1_547' title='bbox 1388 5192 1490 5256; x_wconf 87' lang='lat' dir='ltr'>fidelis</span> <span class='ocrx_word' id='word_1_548' title='bbox 1521 5193 1655 5255; x_wconf 89' lang='lat' dir='ltr'>devotio</span> <span class='ocrx_word' id='word_1_549' title='bbox 1690 5195 1827 5258; x_wconf 88' lang='lat' dir='ltr'>celerem</span> 
     </span>
     <span class='ocr_line' id='line_1_54' title="bbox 160 5279 1828 5365; baseline 0.001 -19"><span class='ocrx_word' id='word_1_550' title='bbox 160 5285 314 5346; x_wconf 90' lang='lat' dir='ltr'>sortiatur</span> <span class='ocrx_word' id='word_1_551' title='bbox 334 5283 494 5346; x_wconf 84' lang='lat' dir='ltr'>eflectum.</span> <span class='ocrx_word' id='word_1_552' title='bbox 534 5282 726 5365; x_wconf 88' lang='lat' dir='ltr'>Eapropter,</span> <span class='ocrx_word' id='word_1_553' title='bbox 749 5282 865 5345; x_wconf 89' lang='lat' dir='ltr'>dilecte</span> <span class='ocrx_word' id='word_1_554' title='bbox 882 5285 912 5345; x_wconf 91' lang='lat' dir='ltr'>iu</span> <span class='ocrx_word' id='word_1_555' title='bbox 930 5283 1064 5346; x_wconf 91' lang='lat' dir='ltr'>domino</span> <span class='ocrx_word' id='word_1_556' title='bbox 1081 5281 1131 5356; x_wconf 87' lang='lat' dir='ltr'>fili,</span> <span class='ocrx_word' id='word_1_557' title='bbox 1147 5284 1210 5344; x_wconf 92' lang='lat' dir='ltr'>tuis</span> <span class='ocrx_word' id='word_1_558' title='bbox 1231 5279 1235 5363; x_wconf 93' lang='grc' dir='ltr'>Ι</span> <span class='ocrx_word' id='word_1_559' title='bbox 1255 5283 1346 5345; x_wconf 90' lang='lat' dir='ltr'>iustis</span> <span class='ocrx_word' id='word_1_560' title='bbox 1362 5281 1635 5364; x_wconf 89' lang='lat' dir='ltr'>postulationibus</span> <span class='ocrx_word' id='word_1_561' title='bbox 1651 5281 1828 5347; x_wconf 89' lang='lat' dir='ltr'>clementer</span> 
     </span>
     <span class='ocr_line' id='line_1_55' title="bbox 160 5370 1826 5456; baseline -0.002 -19"><span class='ocrx_word' id='word_1_562' title='bbox 160 5375 330 5437; x_wconf 90' lang='lat' dir='ltr'>annuimus</span> <span class='ocrx_word' id='word_1_563' title='bbox 355 5381 388 5437; x_wconf 89' lang='lat' dir='ltr'>et</span> <span class='ocrx_word' id='word_1_564' title='bbox 410 5372 572 5455; x_wconf 80' lang='lat' dir='ltr'>prefatam</span> <span class='ocrx_word' id='word_1_565' title='bbox 596 5373 767 5435; x_wconf 90' lang='lat' dir='ltr'>ecclesiam</span> <span class='ocrx_word' id='word_1_566' title='bbox 784 5373 884 5436; x_wconf 89' lang='lat' dir='ltr'>sancti</span> <span class='ocrx_word' id='word_1_567' title='bbox 899 5373 1021 5450; x_wconf 88' lang='lat' dir='ltr'>Iacobi,</span> <span class='ocrx_word' id='word_1_568' title='bbox 1045 5374 1077 5434; x_wconf 92' lang='lat' dir='ltr'>in</span> <span class='ocrx_word' id='word_1_569' title='bbox 1095 5392 1159 5453; x_wconf 91' lang='lat' dir='ltr'>qua</span> <span class='ocrx_word' id='word_1_570' title='bbox 1175 5371 1289 5434; x_wconf 91' lang='lat' dir='ltr'>divinis</span> <span class='ocrx_word' id='word_1_571' title='bbox 1306 5370 1445 5435; x_wconf 85' lang='lat' dir='ltr'>cultibus</span> <span class='ocrx_word' id='word_1_572' title='bbox 1461 5371 1602 5434; x_wconf 91' lang='lat' dir='ltr'>nosceris</span> <span class='ocrx_word' id='word_1_573' title='bbox 1619 5374 1826 5456; x_wconf 91' lang='lat' dir='ltr'>mancipatus,</span> 
     </span>
    </p>
   </div>
   <div class='ocr_carea' id='block_1_9' title="bbox 161 5562 1826 5706">
    <p class='ocr_par' dir='ltr' id='par_1_27' title="bbox 161 5562 1826 5706">
     <span class='ocr_line' id='line_1_56' title="bbox 319 5562 1826 5632; baseline 0.001 -17"><span class='ocrx_word' id='word_1_574' title='bbox 319 5568 344 5632; x_wconf 82' lang='lat' dir='ltr'>a)</span> <span class='ocrx_word' id='word_1_575' title='bbox 365 5568 476 5617; x_wconf 86' lang='lat' dir='ltr'>Calixsti.</span> <span class='ocrx_word' id='word_1_576' title='bbox 494 5604 547 5611; x_wconf 77' lang='grc'>.-</span> <span class='ocrx_word' id='word_1_577' title='bbox 566 5568 602 5629; x_wconf 89' lang='lat'>.1)</span> <span class='ocrx_word' id='word_1_578' title='bbox 632 5562 714 5632; x_wconf 80' lang='lat' dir='ltr'>Jaffe&#39;,</span> <span class='ocrx_word' id='word_1_579' title='bbox 742 5568 799 5632; x_wconf 83' lang='lat' dir='ltr'>Reg.</span> <span class='ocrx_word' id='word_1_580' title='bbox 820 5569 919 5627; x_wconf 47' lang='lat'><strong><em>6746&amp;</em></strong></span> <span class='ocrx_word' id='word_1_581' title='bbox 947 5567 976 5617; x_wconf 79' lang='lat' dir='ltr'>G.</span> <span class='ocrx_word' id='word_1_582' title='bbox 1002 5566 1112 5626; x_wconf 72' lang='lat' dir='ltr'>Mir&#39;Her,</span> <span class='ocrx_word' id='word_1_583' title='bbox 1132 5566 1279 5618; x_wconf 75' lang='lat' dir='ltr'>Dommmti</span> <span class='ocrx_word' id='word_1_584' title='bbox 1300 5568 1359 5618; x_wconf 77' lang='lat' dir='ltr'>delle</span> <span class='ocrx_word' id='word_1_585' title='bbox 1382 5564 1438 5619; x_wconf 67' lang='lat' dir='ltr'>citt&amp;</span> <span class='ocrx_word' id='word_1_586' title='bbox 1460 5566 1564 5617; x_wconf 79' lang='lat' dir='ltr'>Toscane</span> <span class='ocrx_word' id='word_1_587' title='bbox 1580 5572 1608 5632; x_wconf 84' lang='lat' dir='ltr'>p.</span> <span class='ocrx_word' id='word_1_588' title='bbox 1628 5567 1653 5616; x_wconf 78' lang='lat' dir='ltr'>d.</span> <span class='ocrx_word' id='word_1_589' title='bbox 1690 5567 1762 5619; x_wconf 66' lang='lat' dir='ltr'>Dora</span> <span class='ocrx_word' id='word_1_590' title='bbox 1784 5573 1826 5617; x_wconf 78' lang='lat' dir='ltr'>ersi</span> 
     </span>
     <span class='ocr_line' id='line_1_57' title="bbox 161 5638 1139 5706; baseline 0.001 -15"><span class='ocrx_word' id='word_1_591' title='bbox 161 5638 213 5691; x_wconf 74' lang='lat' dir='ltr'>hier</span> <span class='ocrx_word' id='word_1_592' title='bbox 229 5639 272 5691; x_wconf 80' lang='lat' dir='ltr'>der</span> <span class='ocrx_word' id='word_1_593' title='bbox 287 5638 424 5703; x_wconf 80' lang='lat' dir='ltr'>Nachweis,</span> <span class='ocrx_word' id='word_1_594' title='bbox 442 5641 498 5691; x_wconf 82' lang='lat' dir='ltr'>dass</span> <span class='ocrx_word' id='word_1_595' title='bbox 517 5639 554 5689; x_wconf 81' lang='lat' dir='ltr'>die</span> <span class='ocrx_word' id='word_1_596' title='bbox 575 5638 690 5689; x_wconf 77' lang='lat' dir='ltr'>Urkunde</span> <span class='ocrx_word' id='word_1_597' title='bbox 707 5654 758 5689; x_wconf 83' lang='lat' dir='ltr'>nur</span> <span class='ocrx_word' id='word_1_598' title='bbox 775 5640 813 5689; x_wconf 88' lang='lat' dir='ltr'>als</span> <span class='ocrx_word' id='word_1_599' title='bbox 834 5638 1008 5706; x_wconf 55' lang='lat' dir='ltr'>Onia-Narba</span> <span class='ocrx_word' id='word_1_600' title='bbox 1025 5638 1139 5692; x_wconf 80' lang='lat' dir='ltr'>erhaltm.</span> 
     </span>
    </p>
   </div>
   <div class='ocr_carea' id='block_1_10' title="bbox 0 0 2001 6180">
    <p class='ocr_par' dir='ltr' id='par_1_28' title="bbox 0 0 2001 6180">
     <span class='ocr_line' id='line_1_58' title="bbox 0 0 2001 6180; baseline 0 0"><span class='ocrx_word' id='word_1_601' title='bbox 0 0 2001 6180; x_wconf 95' lang='lat' dir='ltr'> </span> 
     </span>
    </p>
   </div>
  </div>
 </body>
</html>
