3982 6194
157 219 220 291 166

314 411 358 462 Or.
379 411 448 477 Perg.
467 411 528 471 r'tad,
546 412 582 461 br.
602 412 671 472 0,61,
690 413 752 478 long
767 413 837 473 offa,
862 418 936 462 marm
952 412 1032 473 0,035
1050 414 1239 479 remgrsrltlugcu,
1264 413 1343 463 durch
1363 412 1421 465 rwei
1437 413 1529 465 dehtr
1549 412 1607 479 guil
1624 409 1664 463 dic
1682 411 1822 461 ruiturum

154 482 340 542 Seidrmclenur,
365 499 450 531 ruornn
474 484 518 532 das
536 482 660 548 Bleisiegrl
681 483 764 550 hci'ugt.
800 485 910 550 Faltnng
935 485 978 533 der
995 485 1091 534 unnim.
1128 485 1264 550 Ir'ingkreua
1288 485 1344 533 rand
1367 484 1531 550 unrersctnfl
1555 483 1659 533 dunkcle
1682 482 1759 532 Drirte
1773 484 1822 547 frIr

152 554 210 613 sich,
239 554 375 619 Umschrr'st
396 554 481 604 hellene
498 555 580 615 Dine,
598 555 715 604 vitllcirlet
736 556 773 604 die
797 555 837 605 des
854 557 1043 620 Hauptkdrpers.
1080 557 1128 606 Die
1146 557 1274 622 Datirung
1298 555 1372 606 rr'ilrrt
1393 573 1448 606 vom
1467 554 1753 621 Ilauptkdrprrsrhrer'bcr
1775 555 1821 615 her,

153 627 197 676 das
215 627 237 676 R
255 627 364 677 Rolands
384 628 429 677 mit
444 627 573 678 duuklercr
590 627 665 678 Dima
682 629 839 693 einguragrn.
877 629 924 678 Die
942 627 1120 697 Zrugenfirnuu
1137 628 1215 694 tergm
1224 629 1284 693 fast
1301 630 1348 678 alle
1365 628 1403 679 die
1418 627 1537 678 uinclithe
1551 641 1632 694 gruta
1652 626 1737 676 unu.

895 913 962 987 Nr.
993 916 1077 988 154.

152 1042 307 1111 Hadrian
323 1045 347 1109 I
351 1043 380 1106 V
399 1045 548 1130 bestdtigt
569 1046 642 1111 dum
670 1043 832 1110 Konvente
855 1068 915 1110 non
939 1045 1010 1110 San
1029 1045 1195 1110 Gt'onauni
1215 1043 1249 1109 in
1275 1046 1433 1111 Laterum
1455 1067 1496 1111 uu
1520 1045 1603 1111 Rom
1626 1045 1683 1110 die
1707 1042 1822 1110 Best‘tz-

757 1134 886 1201 tlu'c'mcr
907 1137 1014 1200 seiner
1036 1134 1157 1200 Kirclte
1175 1137 1211 1218 ¹).

767 1271 850 1335 1155
865 1267 967 1353 Apn'l
977 1273 1026 1333 19.
1059 1270 1208 1335 Lateran.

311 1401 476 1465 Adrianus
492 1403 677 1487 episcopus,
694 1424 806 1468 servus
821 1424 989 1469 servorum
1006 1405 1070 1479 dei,
1086 1403 1214 1467 dilectis
1230 1401 1301 1465 filiis
1317 1400 1461 1478 Iohanni,
1481 1403 1578 1486 priori
1594 1402 1822 1467 Lateranensis

154 1489 298 1565 ecclesie,
322 1493 457 1573 eiusque
479 1491 640 1569 iratribus,
673 1503 739 1558 tam
764 1493 970 1577 presentibus
994 1514 1092 1575 quam
1114 1493 1236 1569 futuris,
1271 1491 1452 1574 regularem
1475 1493 1573 1556 vitam
1598 1491 1764 1574 professis,
1793 1493 1824 1555 in

154 1588 358 1661 perpetuum.
405 1578 538 1662 Quanto
565 1582 792 1647 Lateranensis
823 1583 960 1647 ecclesia
990 1603 1033 1647 ex
1062 1583 1195 1662 antiqua
1226 1582 1428 1645 instituIIone
1457 1581 1629 1663 amplioris
1659 1582 1822 1663 dignitatis

154 1688 225 1731 esse
249 1668 434 1746 dinoscitur,
465 1678 557 1734 tanto
583 1675 685 1754 magis
709 1693 781 1736 eam
804 1673 836 1735 in
860 1673 973 1736 maiori
997 1673 1178 1736 reverentia
1200 1673 1298 1735 decet
1319 1670 1432 1737 haberi
1462 1679 1496 1735 et
1526 1672 1569 1735 ad
1601 1671 1703 1753 ipsius
1726 1672 1822 1733 Incre-

154 1765 307 1834 mentum,
340 1766 407 1821 tam
430 1759 636 1840 spiritualiter
669 1783 767 1844 quam
796 1762 1031 1845 temporaliter,
1054 1783 1073 1825 a
1097 1761 1194 1825 nobis
1221 1769 1253 1824 et
1276 1759 1344 1823 aliis
1368 1761 1421 1824 dei
1450 1759 1601 1823 fidelibus
1624 1760 1770 1823 studium
1793 1768 1822 1823 et

154 1867 288 1929 operam
320 1847 399 1911 dari
444 1848 515 1912 Nec
547 1850 691 1926 dubium,
722 1853 831 1933 quod,
872 1853 899 1914 si
940 1852 1165 1933 religiosorum
1205 1849 1419 1933 petitionibus
1458 1858 1595 1932 paterna
1627 1849 1821 1930 benignitate

154 1938 333 2013 annuimus,
358 1940 477 2001 nostris
496 1942 773 2021 oportunitatibus
796 1942 992 2004 salvatorem
1016 1942 1161 2004 omnium
1185 1940 1356 2003 dominum
1373 1945 1518 2002 nostrum
1534 1938 1641 2002 Iesum
1659 1937 1819 2001 Christum

153 2024 346 2089 clementem
377 2028 491 2110 procul
522 2029 622 2092 dubio
653 2032 843 2113 reperImus.
890 2032 1085 2113 Eapropter,
1117 2029 1228 2092 dilecti
1260 2031 1293 2093 in
1323 2029 1458 2092 domino
1491 2027 1553 2104 filii,
1585 2029 1705 2092 vestris
1734 2028 1819 2089 iustis

153 2115 365 2198 petitionibus
388 2117 566 2198 benIgnum
590 2121 843 2183 accomodantes
866 2140 1042 2194 assensum,
1072 2119 1115 2181 ad
1144 2117 1313 2201 exemplar
1337 2118 1578 2201 predecessoris
1600 2118 1714 2191 nostri,
1737 2115 1819 2179 Ana·

153 2205 239 2267 stasii
262 2216 300 2267 1v
323 2226 418 2288 pape,
448 2206 617 2270 ecclesiam
640 2209 744 2272 sancti
768 2207 917 2290 Gregorii
940 2211 973 2271 in
997 2209 1121 2272 Marcio
1138 2207 1163 2293 ²·)
1186 2229 1259 2272 cum
1283 2208 1414 2291 palatio,
1446 2210 1478 2271 In
1501 2227 1568 2289 quo
1591 2208 1664 2288 Ipsa
1688 2205 1820 2269 ecclesia

154 2296 216 2357 sita
245 2301 309 2368 est,
339 2314 413 2357 cum
446 2295 609 2372 domibus,
640 2298 797 2374 casalinis,
821 2300 917 2374 ortis,
949 2299 1129 2381 canapinis,
1153 2299 1273 2380 criptis,
1304 2296 1468 2380 parietinis
1498 2305 1532 2360 et
1563 2316 1637 2359 cum
1671 2294 1820 2359 omnibus

154 2384 357 2464 pertinentiis
379 2386 446 2448 suis
469 2386 563 2449 vobis
586 2389 767 2467 vestrisque
790 2388 1031 2452 successoribus
1053 2389 1247 2450 auctoritate
1277 2386 1462 2469 apostolica
1492 2385 1735 2460 confirmamus,
1766 2403 1820 2447 nec

156 2493 221 2535 non
252 2482 286 2536 et
316 2473 541 2538 molendinum
574 2478 606 2538 In
630 2477 746 2559 Capite
775 2476 834 2540 laci
864 2498 939 2540 cum
970 2486 1056 2540 terra
1078 2485 1199 2552 vestra,
1228 2494 1327 2555 quam
1350 2475 1443 2539 vobis
1473 2475 1620 2549 restituit,
1651 2472 1821 2539 ecclesiam

153 2562 256 2625 sancti
279 2561 429 2627 Iohannis
457 2566 499 2626 ad
523 2564 645 2629 Fontes
677 2574 710 2629 et
738 2566 940 2629 oblationem
967 2567 1067 2649 ipsius
1096 2564 1204 2628 altaris
1227 2564 1279 2628 vel
1310 2565 1468 2628 ecclesiae
1498 2566 1531 2628 in
1561 2566 1734 2645 integrum,
1765 2582 1821 2626 nec

155 2671 221 2713 non
251 2651 424 2716 ecclesIam
453 2655 555 2716 sancti
585 2653 737 2720 Iohannis
767 2655 980 2738 evangeliste,
1011 2654 1183 2718 ecclesiam
1213 2661 1326 2718 sancte
1357 2653 1483 2727 Crucis,
1514 2652 1689 2717 eeclesiam
1720 2653 1821 2715 sancti

153 2738 313 2817 VenantII‚
343 2742 514 2806 ecclesiam
544 2753 729 2808 sanctarum
762 2745 877 2807 Rufine
908 2754 941 2809 et
970 2743 1122 2808 Secunde
1151 2764 1225 2806 cum
1257 2744 1406 2806 omnibus
1437 2743 1480 2808 ad
1511 2763 1547 2807 se
1577 2740 1823 2824 pertinentibus.

153 2831 305 2894 Preterea
327 2832 539 2895 concedimus
562 2842 596 2896 et
619 2834 849 2898 confirmamus
871 2836 966 2898 vobis
993 2842 1097 2897 totam
1129 2843 1162 2896 et
1191 2833 1349 2914 integram
1378 2830 1578 2915 parochiam,
1608 2831 1651 2895 ad
1683 2831 1822 2895 eandem

154 2919 321 2983 basilicam
344 2918 522 2985 Salvatoris
545 2925 771 3006 pertinentem,
804 2926 845 2987 ad
876 2924 976 2987 instar
1007 2923 1278 3006 predecessorum
1301 2929 1500 2998 nostrorum,
1531 2921 1632 2985 felicis
1665 2922 1824 2983 memorie

155 3008 316 3072 Paschalis
333 3009 358 3094 8)
380 3013 514 3075 secundi
538 3020 571 3074 et
595 3012 713 3076 Calixti
730 3013 764 3097 ⁴),
793 3016 1016 3077 Romanorum
1042 3011 1243 3093 pontificum,
1274 3012 1356 3074 sicut
1378 3013 1444 3073 suis
1471 3010 1646 3093 privilegiis
1676 3010 1824 3091 designa·

153 3107 276 3161 verunt.
321 3101 374 3164 Ex
402 3101 492 3164 dono
522 3101 626 3166 felicis
658 3104 823 3177 memorie,
854 3102 1095 3184 predecessoris
1118 3102 1219 3165 nostri
1242 3121 1330 3182 pape
1352 3100 1445 3167 Lucii
1463 3099 1497 3185 ⁵),
1526 3098 1700 3163 ecclesiam
1724 3099 1825 3162 sancti

153 3188 306 3252 Iohannis
329 3200 404 3253 ante
427 3202 557 3272 portam
573 3193 725 3255 Latinam
748 3212 822 3255 cum
845 3191 977 3274 capellis
1000 3202 1033 3254 ct
1056 3192 1209 3254 omnibus
1226 3191 1268 3252 ad
1283 3212 1318 3253 se
1335 3189 1582 3271 pertinentibus,
1606 3198 1640 3251 et
1660 3186 1825 3271 hospitale

154 3278 236 3341 inira
259 3290 390 3361 portam
412 3282 515 3343 sancti
532 3280 687 3345 Iohannis
711 3302 785 3345 cum
801 3282 953 3345 omnibus
976 3281 1180 3362 pertinentiis
1195 3280 1269 3355 suis,
1294 3280 1465 3342 ecelesiam
1480 3279 1584 3341 sancti
1601 3277 1825 3340 Bartholomei

154 3387 229 3430 cum
252 3369 455 3451 pertinentiis
482 3371 562 3446 suis,
594 3371 766 3434 ecclesiam
797 3373 901 3433 sancti
924 3370 1088 3445 Danielis,
1119 3369 1291 3432 eeclesiam
1321 3379 1434 3431 sancte
1465 3368 1568 3430 Marie
1598 3366 1691 3431 collis
1724 3364 1826 3449 Scipii

154 3477 228 3520 cum
252 3459 455 3539 pertInentiis
477 3462 551 3535 suis,
575 3461 775 3534 suburbium,
800 3461 889 3541 quod
913 3470 962 3522 est
985 3461 1071 3521 circa
1094 3456 1397 3521 Constantinianam
1421 3457 1589 3521 basilicam
1621 3457 1654 3519 in
1678 3455 1827 3519 Stabello

154 3546 245 3609 iuxta
267 3568 394 3610 sacrum
417 3547 575 3629 palatium
599 3570 673 3612 cum
697 3550 858 3624 domibus,
882 3570 963 3629 quas
987 3548 1031 3611 ibi
1056 3547 1194 3623 habetis,
1218 3547 1344 3621 domos,
1370 3566 1450 3627 quas
1480 3547 1610 3610 habetis
1640 3546 1674 3607 in
1697 3544 1827 3621 Forma,

154 3635 272 3698 domos
296 3658 377 3717 quas
399 3637 527 3701 habetis
556 3640 588 3700 in
611 3640 759 3713 Pistrin0,
785 3639 911 3712 domos,
936 3658 1016 3719 quas
1039 3636 1168 3699 habetis
1192 3636 1224 3697 in
1249 3635 1412 3711 CanceIIO,
1444 3637 1571 3709 domos,
1595 3654 1677 3716 quas
1698 3633 1828 3697 habetis

154 3725 186 3787 in
209 3726 274 3788 Via
305 3727 434 3802 maiori,
467 3737 606 3790 castrum
630 3729 722 3791 vallis
755 3728 922 3790 Montonis
946 3747 1020 3789 cum
1050 3726 1195 3789 ecclesiis
1225 3735 1258 3788 et
1289 3725 1442 3788 omnibus
1473 3726 1515 3788 ad
1546 3726 1653 3806 ipsum
1687 3735 1829 3786 castrum

153 3816 400 3895 pertinentibus,
424 3828 566 3880 castrum
584 3818 781 3880 Metellanici
799 3837 873 3879 cum
888 3817 1032 3879 ecclesiis
1048 3825 1082 3878 et
1098 3814 1251 3877 omnibus
1268 3815 1310 3877 ad
1327 3816 1435 3896 ipsum
1458 3812 1705 3896 pertinentibus,
1731 3815 1829 3876 etiam

154 3904 384 3968 confirmamus
398 3907 494 3969 vobis
510 3927 557 3981 ea,
578 3928 642 3988 que
661 3907 790 3970 habetis
807 3927 826 3969 a
846 3905 990 3969 Guarino
1014 3907 1046 3967 ln
1064 3903 1162 3967 Portu
1187 3914 1254 3966 tam
1277 3904 1309 3965 in
1333 3904 1511 3966 mobilibus
1534 3922 1633 3984 quam
1657 3902 1690 3964 in
1715 3902 1827 3965 immo·

153 3992 282 4057 bilibus.
322 3997 535 4058 DecernImus
551 4017 639 4078 ergo,
664 4005 699 4057 ut
721 3996 798 4058 nulli
820 3996 954 4058 omnino
970 3994 1142 4057 hominum
1157 3993 1262 4067 liceat,
1279 3993 1441 4075 prefatam
1457 3991 1630 4056 ecclesiam
1646 4039 1653 4052 .
1671 4041 1677 4053 .
1696 4041 1702 4055 .
1719 3992 1829 4055 usibus

154 4084 354 4150 omnimodis
370 4084 546 4166 profutura.
574 4087 608 4150 Si
623 4106 688 4167 qua
703 4086 801 4166 igitur
818 4135 823 4148 .
842 4134 847 4147 .
865 4133 872 4146 .
889 4084 1022 4147 Cunctis
1038 4090 1147 4146 autem
1165 4133 1170 4146 .
1189 4132 1195 4145 .
1212 4130 1218 4144 .
1236 4083 1410 4145 inveniant
1438 4083 1557 4146 Amen.
1573 4081 1693 4144 Amen.
1709 4081 1827 4144 Amen.

366 4172 422 4254 (R)
446 4175 519 4255 Ego
543 4174 709 4237 Adrianus
733 4173 893 4237 catholice
916 4173 1051 4236 ecclesie
1075 4173 1250 4254 episcopus
1273 4193 1314 4234 ss
1338 4171 1399 4252 (M)

365 4264 386 4341 †
409 4264 482 4345 Ego
505 4263 629 4327 Imarus
652 4264 856 4327 Tusculanus
879 4263 1054 4343 episcopus
1077 4282 1118 4323 ss.

365 4351 386 4434 i
408 4354 481 4434 Ego
506 4352 666 4417 Guarinus
690 4351 964 4415 Praenestinensis
987 4351 1124 4414 ecclesie
1147 4350 1324 4432 episcopus
1346 4369 1388 4411 ss.

366 4440 387 4523 †
410 4443 483 4523 Ego
507 4442 606 4523 Hugo
631 4442 792 4507 Ostiensis
816 4441 991 4522 episcopus
1015 4459 1055 4502 ss.

366 4529 386 4614 †
411 4533 484 4613 Ego
508 4529 684 4613 Gregorius
706 4530 868 4612 presbiter
890 4529 1063 4592 cardinalis
1086 4529 1133 4591 tit.
1159 4527 1278 4591 Calixti
1301 4548 1342 4589 ss

367 4619 387 4704 †
410 4623 483 4703 Ego
508 4622 617 4687 Guido
641 4619 803 4702 presbiter
825 4619 998 4681 cardiualis
1021 4619 1069 4681 tit.
1093 4618 1196 4681 sancti
1221 4615 1397 4697 Grisogoni
1420 4636 1464 4679 ss.

367 4709 387 4794 †
411 4710 484 4792 Ego
507 4711 681 4775 Hubaldus
704 4708 865 4790 presbiter
887 4707 1059 4771 cardinalis
1083 4709 1130 4770 tit.
1153 4715 1265 4770 sancte
1288 4706 1445 4768 Praxedis
1466 4727 1507 4767 ss.

365 4800 386 4880 †
409 4801 481 4882 Ego
505 4801 677 4864 Aribertus
700 4797 861 4879 presbiter
883 4796 1056 4859 cardinalis
1078 4798 1126 4859 tit.
1150 4805 1263 4858 sancte
1286 4795 1461 4858 Anastasie
1484 4815 1525 4857 ss.

367 4888 387 4973 †
411 4890 483 4972 Ego
507 4890 603 4953 Iulius
627 4887 787 4971 presbiter
810 4884 979 4949 cardinalis
1003 4887 1051 4948 tit.
1075 4886 1178 4948 sancti
1203 4884 1351 4948 Marcelli
1375 4903 1416 4945 ss.

367 4976 387 5061 †
411 4981 484 5060 Ego
509 4979 618 5043 Guido
641 4977 803 5059 presbiter
825 4975 998 5038 cardinalis
1021 4976 1068 5038 tit.
1092 4975 1234 5037 Pastoris
1257 4996 1297 5037 ss.

367 5066 387 5151 †
411 5071 484 5149 Ego
508 5067 692 5131 Bernardus
715 5064 876 5146 presbiter
900 5064 1072 5128 cardinalis
1095 5065 1144 5127 tit,
1168 5063 1271 5125 sancti
1296 5062 1474 5125 Clementis
1496 5083 1538 5124 ss

367 5155 388 5238 †
412 5157 484 5238 Ego
509 5156 709 5220 Octavianus
732 5154 894 5234 presbiter
916 5151 1089 5216 cardinalis
1112 5154 1160 5216 tit.
1185 5162 1297 5215 sancte
1321 5151 1441 5215 Cecilie
1464 5172 1505 5213 ss.

367 5248 387 5329 †
410 5248 483 5327 Ego
508 5246 608 5309 Oddo
633 5244 790 5306 diaconus
813 5243 985 5305 cardinalis
1008 5243 1111 5304 sancti
1135 5242 1267 5322 Georgii
1292 5241 1334 5303 ad
1357 5240 1478 5303 Velum
1501 5260 1634 5302 aureum
1658 5263 1700 5304 ss.

367 5333 388 5416 †
411 5337 485 5417 Ego
508 5333 703 5415 Rodulphus
727 5333 884 5396 diaeonus
908 5331 1080 5395 cardinalis
1103 5341 1216 5394 sancte
1238 5331 1338 5393 Lucie
1363 5331 1395 5391 in
1419 5329 1522 5411 Septa
1544 5329 1623 5392 solis
1647 5351 1689 5392 ss.

319 5551 343 5614 1)
367 5547 444 5613 Vergl.
463 5545 501 5594 dic
521 5544 581 5596 Urk.
600 5561 655 5594 unm
665 5546 697 5594 10
715 5546 811 5610 August
829 5544 906 5592 1179.
980 5543 1006 5605 2)
1030 5540 1089 5591 Urk.
1107 5556 1162 5589 aum
1182 5542 1212 5590 19
1232 5539 1289 5590 Mai
1306 5542 1380 5591 1154.
1452 5542 1479 5609 3)
1502 5540 1561 5592 urk.
1579 5555 1635 5590 vom
1654 5542 1689 5592 27
1703 5540 1825 5593 Decurre

157 5623 230 5671 1106.
317 5620 345 5685 4)
367 5618 427 5670 un.
447 5633 502 5669 vom
519 5620 555 5670 26
571 5617 628 5668 Mai
646 5618 723 5668 1122.
798 5616 824 5682 5)
846 5612 907 5665 Urk.
925 5629 980 5664 vom
998 5615 1032 5665 31
1055 5613 1161 5677 Jamcar
1180 5613 1254 5664 1145.
