3974 6188
235 271 276 338 54

231 444 279 493 Nr.
299 447 325 494 2.
360 446 423 493 Rota
441 445 489 494 Nr.
510 446 533 503 1,
558 443 592 493 im
610 445 786 494 Dnrchrmsser
804 447 891 503 0,061,
916 460 963 493 vore
981 446 1025 494 der
1041 449 1123 496 letzem
1142 447 1204 497 Zeile
1221 450 1289 507 0,01,
1313 463 1361 496 verr
1379 448 1424 497 der
1448 447 1531 497 linem
1553 448 1635 498 Il'ante
1656 450 1726 509 0,09,
1751 464 1806 497 vom
1825 447 1912 498 Mono-

228 532 325 580 gramm
339 518 423 574 0,3·.15.
455 515 624 581 Monogramm
636 517 684 567 Nr.
696 519 731 575 1⁰,
751 516 809 564 loch
828 517 914 575 0,048,
933 517 992 566 broit
1002 519 1088 578 0,032,
1107 536 1154 568 aon
1166 520 1209 568 der
1226 523 1306 569 letaten
1319 520 1380 568 Zeile
1393 521 1478 578 oar-5,
1497 536 1544 570 oon
1563 521 1605 570 der
1622 521 1715 569 rechten
1727 520 1809 570 Konta
1821 522 1864 580 0,7
1867 522 1911 570 03.

231 588 252 636 E
272 588 328 635 und
343 603 367 634 ss
393 588 508 635 duaklere
525 588 601 635 Dime
625 589 681 636 read
702 590 790 636 andere
808 588 888 636 Hand
908 590 946 637 als
963 589 1000 637 die
1017 590 1117 654 sonsrige
1139 591 1309 656 Unterrelm'st,
1328 591 1390 639 arerk
1413 591 1479 639 wohl
1493 591 1537 641 das
1555 592 1698 657 Ringkrens,
1720 592 1819 640 welches
1842 592 1912 641 iiber·

227 659 341 723 gerolseht
357 660 394 707 ist.
435 659 571 722 Unesclms!
581 660 636 707 nnd
649 660 812 725 Creterscliris!
829 668 900 708 temer
916 661 967 709 sicle
980 661 1069 726 gleirhe
1081 662 1161 710 Hand
1169 664 1224 711 ured
1234 664 1315 719 Dime,
1334 662 1394 710 diese
1411 679 1457 710 aon
1475 662 1519 711 der
1535 663 1575 712 des
1592 663 1733 726 Konserrpts
1750 664 1910 713 verschieden.

231 731 358 794 Dario-rag
374 746 428 778 vom
447 730 570 778 Schreiher
592 731 632 779 des
649 731 837 795 Haeepeke'o'rpers,
864 732 969 780 Gerardi
994 733 1061 781 wohl
1075 734 1257 800 narhgetragen.
1295 733 1388 798 Zengerr
1407 750 1474 782 rmen
1492 751 1579 783 ausser
1602 736 1729 800 Johannes
1746 736 1809 783 diae.
1829 734 1913 784 olane

231 802 298 850 Nove
315 803 371 849 und
385 802 452 850 wohl
465 818 549 850 aresser
568 802 655 851 Petrus
671 803 727 851 nnd
746 803 815 852 Caino
832 819 879 851 oon
897 806 935 853 ein
953 806 1010 853 und
1024 805 1144 854 derselben
1161 807 1243 867 Dirae,
1269 822 1323 854 enne
1338 821 1437 870 grossen
1459 806 1484 854 Τ
1480 807 1538 856 heile
1558 807 1621 856 asech
1638 823 1686 856 voro
1702 807 1807 872 gleieher
1824 806 1910 866 Hand,

231 874 268 924 die
285 873 322 924 die
339 874 457 923 einzelnen
476 872 578 923 Firmen
595 881 668 924 elevas
684 874 895 925 individualr'sirte.

987 1205 1053 1279 Nr.
1086 1209 1146 1281 55.

237 1337 266 1400 C
263 1338 375 1401 olestin
392 1338 416 1401 I
414 1338 436 1401 I
453 1337 651 1402 beurkana'et
669 1337 742 1401 dem
759 1335 889 1401 Klosler
903 1337 971 1401 San
984 1339 1093 1402 Pietro
1113 1338 1152 1402 di
1171 1338 1327 1402 Cremona
1343 1339 1397 1402 die
1412 1339 1658 1422 Entscloee'dung
1670 1340 1757 1402 eiius
1772 1339 1911 1405 Streites

230 1429 389 1492 zwisalten
423 1427 545 1491 diesem
583 1428 652 1491 and
688 1427 761 1490 dem
792 1426 1091 1581 BeseleofeMgbelrto
1107 1450 1187 1598 Zaa)
1217 1428 1373 1492 Cremona
1410 1450 1520 1511 reegero
1554 1429 1616 1493 der
1647 1427 1775 1493 Kirolee
1804 1429 1910 1494 Santa

1008 1539 1107 1599 geere
1192 1567 1199 1581 .

860 1652 944 1712 1144
960 1651 1059 1714 Miirn
1074 1654 1105 1714 8.
1138 1651 1222 1713 Rom
1239 1651 1276 1736 ⁹).

391 1767 569 1832 Celestinus
585 1769 772 1851 episcopus,
796 1786 908 1829 servus
923 1787 1091 1830 servorum
1108 1769 1171 1842 dei,
1188 1767 1313 1830 dilectis
1329 1766 1401 1828 filiis
1417 1766 1569 1843 Alberto,
1585 1768 1699 1832 abbati
1716 1772 1909 1834 monasterii

230 1860 333 1921 sancti
350 1858 435 1922 Petri
465 1858 552 1940 apud
570 1856 776 1931 Cremonam,
801 1856 934 1937 eiusque
955 1857 1116 1932 fratribus,
1140 1866 1207 1920 tam
1224 1856 1432 1939 presentibus
1448 1877 1546 1936 quam
1568 1858 1692 1934 suturiS,
1717 1860 1910 1942 regulariter

229 1948 464 2011 substituendis
487 1960 526 2010 ΙΝ
549 1959 626 2007 ΡΡΜ.
649 1981 693 1991 -
713 1943 718 2029 l
740 1944 814 2026 Que
837 1946 945 2008 iudicii
968 1947 1104 2010 veritate
1127 1947 1194 2009 sive
1218 1948 1397 2009 concordia
1419 1949 1591 2010 terminata
1615 1957 1698 2024 sunt,
1727 1949 1910 2013 litterarum

230 2039 355 2100 debent
378 2038 536 2099 memorie
560 2036 793 2109 commendari,
818 2055 859 2097 ne
883 2055 1058 2116 pravorum
1082 2035 1251 2098 hominum
1276 2038 1308 2098 in
1333 2044 1501 2117 posterum
1526 2037 1655 2099 valeant
1687 2039 1908 2121 refragatione

230 2128 364 2190 turbari.
389 2123 394 2210 Ι
419 2127 506 2189 Inter
529 2145 589 2188 vos
611 2124 773 2206 siquidem
798 2133 831 2186 et
854 2124 986 2187 fratrem
1011 2134 1158 2189 nostrum
1184 2123 1356 2208 Obertum,
1379 2124 1634 2189 Cremonensem
1659 2130 1854 2210 episcopum
1872 2128 1909 2207 ⁸),

229 2236 328 2299 super
351 2217 488 2279 ecclesia
511 2223 624 2279 sancte
650 2216 834 2295 Margarite‚
858 2213 889 2276 in
913 2214 1018 2296 burgo
1036 2214 1192 2279 Citanove
1216 2216 1287 2290 sita,
1311 2217 1535 2278 controversia
1559 2225 1609 2278 est
1631 2217 1751 2279 diutius
1775 2219 1909 2300 agitata,

230 2325 329 2385 quea
352 2305 505 2369 iratribus
529 2305 653 2378 nostris,
671 2301 816 2367 Goizone
840 2303 1000 2379 videlicet,
1024 2306 1211 2386 presbitero
1235 2303 1389 2367 cardinali
1406 2313 1519 2367 sancte
1536 2305 1657 2369 Cecilie
1673 2307 1710 2382 ⁴),
1735 2304 1909 2389 Gregori0,

230 2398 369 2459 diacono
393 2394 546 2458 cardinali
571 2403 758 2456 sanctorum
783 2390 888 2475 Sergii
913 2401 946 2455 et
969 2393 1069 2456 Bachi
1086 2393 1124 2474 ⁵),
1156 2403 1189 2456 et
1213 2391 1375 2468 Guidone‚
1405 2394 1552 2457 similiter
1579 2397 1721 2458 diacono
1753 2396 1908 2459 cardinali

229 2494 416 2548 sanctorum
440 2486 561 2549 Cosme
585 2492 618 2545 et
641 2482 793 2545 Damiani
810 2482 848 2557 ⁶),
881 2501 924 2544 ex
955 2484 1112 2545 mandato
1143 2490 1257 2546 nostro
1288 2481 1353 2544 hoc
1383 2484 1484 2545 modo
1516 2493 1573 2559 est,
1606 2485 1752 2548 dictante
1775 2484 1907 2560 iustitia,

230 2577 412 2637 terminata.
452 2573 635 2636 Asserebas
652 2581 762 2634 autem
779 2580 822 2645 tu,
839 2570 977 2634 Alberte
992 2572 1106 2646 abbas,
1123 2575 1213 2653 quod
1231 2574 1378 2654 predicta
1395 2572 1532 2636 ecclesia
1547 2576 1579 2635 in
1596 2574 1698 2636 fundo
1715 2577 1908 2638 monasterii

231 2667 276 2727 tui
304 2667 366 2727 sita
398 2664 446 2736 sit,
477 2665 653 2745 episcopus
685 2682 763 2723 vero
795 2662 1027 2743 respondebat,
1059 2663 1147 2743 quod
1180 2662 1317 2725 abbates
1341 2665 1443 2724 sancti
1467 2662 1554 2725 Petri
1579 2665 1740 2744 predium,
1771 2664 1803 2724 in
1838 2685 1907 2745 quo

230 2754 364 2816 lundata
396 2762 446 2815 est
475 2751 610 2815 ecclesia
640 2760 753 2813 sancte
777 2751 962 2832 Margarite‚
994 2749 1055 2813 sub
1087 2761 1176 2814 certa
1208 2751 1363 2833 pensione
1402 2753 1434 2813 in
1472 2761 1667 2834 perpetuum
1706 2752 1907 2816 locaverunt.

230 2843 390 2906 Addebat
413 2843 520 2916 etiam,
553 2841 643 2920 quod
675 2843 707 2902 in
732 2840 872 2902 ecclesia
895 2841 997 2902 saneti
1022 2839 1111 2902 Pauli
1135 2843 1167 2903 in
1192 2841 1361 2915 Citanova‚
1394 2860 1457 2927 que
1481 2862 1499 2902 a
1523 2842 1673 2922 predicto
1705 2843 1906 2905 monasterio

230 2934 426 3014 possidetur,
456 2939 604 3012 quartam
629 2937 756 3011 partem
789 2925 1015 3014 [deci]marum
1048 2938 1082 2991 et
1106 2930 1308 2993 oblationum
1341 2929 1440 2992 vellet
1464 2930 1641 3012 episcopali
1671 2931 1740 2993 iure
1772 2929 1906 2995 habere.

229 3020 362 3084 Auditis
386 3023 497 3100 itaque
520 3021 688 3098 utriusque
712 3021 813 3100 partis
838 3018 1016 3080 rationibus
1049 3028 1082 3080 et
1109 3019 1284 3101 diligenter
1314 3019 1481 3097 inquisitis,
1513 3020 1630 3101 prelati
1662 3020 1777 3083 iratres
1801 3023 1906 3084 nostri

230 3113 373 3193 equitate
397 3109 504 3172 media
527 3116 718 3183 statuerunt,
741 3107 889 3186 quatinus
913 3108 955 3170 de
979 3108 1119 3171 ecclesia
1142 3118 1253 3171 sancte
1278 3110 1453 3190 Margarite
1477 3108 1673 3172 monasterio
1697 3109 1799 3171 sancti
1818 3110 1906 3173 Petri

228 3222 288 3264 sex
312 3202 463 3263 denarios
488 3198 570 3260 ultra
593 3198 722 3260 solitam
747 3197 946 3279 pensionem,
971 3218 1068 3278 quam
1094 3198 1181 3280 prius
1205 3199 1247 3261 de
1271 3207 1365 3272 terra,
1389 3200 1421 3260 in
1445 3218 1510 3279 qua
1533 3198 1669 3261 fundata
1689 3206 1739 3261 est
1754 3198 1905 3275 ecclesia,

228 3289 381 3365 habebat,
406 3289 567 3372 presbiter
590 3288 736 3350 eiusdem
761 3286 899 3349 ecclesie
923 3289 954 3347 in
977 3289 1201 3368 assumptione
1224 3296 1336 3350 sancte
1353 3287 1457 3350 Marie
1473 3286 1605 3369 singulis
1621 3290 1712 3351 annis
1729 3287 1904 3369 persolvat

230 3380 400 3455 Ceterum,
432 3381 508 3458 quia
532 3379 709 3458 episcopus
739 3378 771 3437 in
794 3376 865 3438 aliis
889 3375 1024 3456 capellis
1048 3387 1196 3456 quartam
1230 3386 1357 3460 partem
1382 3373 1593 3463 decima[rum
1618 3373 1663 3463 et]
1697 3376 1904 3441 oblationum

228 3491 292 3533 non
316 3469 468 3542 habebat,
496 3474 702 3540 censuerunt,
734 3474 768 3526 ut
798 3466 888 3547 quod
913 3465 1085 3547 presbiteri
1117 3466 1251 3530 aliarum
1285 3467 1484 3548 capellarum
1517 3487 1578 3548 pro
1609 3469 1906 3547 reconpensatione

228 3561 425 3622 decimarum
450 3566 483 3620 et
506 3556 707 3619 oblationum
732 3557 891 3637 episcopo
915 3555 1042 3630 faciunt,
1066 3556 1130 3618 hoc
1146 3557 1234 3618 idem
1260 3555 1455 3638 capellanus,
1480 3556 1534 3637 qui
1557 3557 1590 3617 in
1615 3551 1774 3641 [ecclesia]
1799 3559 1904 3619 sancti

227 3650 315 3713 Pauli
339 3669 398 3730 per
420 3648 577 3711 abbatem
597 3649 624 3718 a)
648 3646 751 3707 sancti
775 3644 861 3706 Petri
887 3665 947 3726 pro
971 3652 1122 3726 tempore
1146 3645 1250 3719 luerit,
1273 3646 1362 3707 iuxta
1387 3644 1576 3707 facultatem
1601 3645 1748 3719 ecclesie,
1775 3655 1904 3709 remota

227 3739 334 3817 aliqua
357 3738 445 3819 gravi
469 3736 650 3807 exactione,
675 3735 834 3815 episcopo
858 3733 965 3806 faciat,
989 3753 1062 3795 cum
1086 3735 1128 3796 ad
1145 3735 1294 3797 sinodum
1316 3735 1464 3796 Romane
1488 3734 1624 3797 ecclesie
1646 3736 1779 3798 venerit
1824 3736 1905 3818 Epi·

226 3849 347 3910 scopus
380 3822 512 3913 [autem]
545 3823 777 3905 parrochianos
808 3823 954 3886 eiusdem
975 3819 1003 3906 b)
1034 3823 1170 3885 ecclesie
1200 3844 1259 3887 suo
1292 3823 1404 3886 officio
1438 3831 1552 3905 cogat,
1584 3844 1624 3887 ne
1656 3824 1812 3906 personis,
1843 3846 1905 3906 per

227 3918 382 3981 abbatem
398 3917 501 3978 sancti
518 3915 603 3976 Petri
619 3913 696 3976 inibi
714 3911 836 3994 positis,
860 3911 1003 3992 aliquam
1027 3914 1174 3976 iniuriam
1192 3914 1244 3976 vel
1264 3912 1453 3976 violentiam
1472 3912 1617 3986 inferant,
1640 3933 1701 3976 nec
1724 3914 1767 3976 de
1791 3922 1903 3978 cetero

227 4009 401 4091 episcopus
432 4005 484 4067 vel
514 3998 622 4088 vileini
653 4001 847 4064 interdicant
876 3999 957 4089 sive]
990 4001 1188 4084 prohibeant
1218 4003 1347 4078 abbati,
1380 4003 1559 4084 predictam
1592 4002 1762 4065 ecclesiam
1796 4006 1902 4066 sancti
1940 4042 1948 4055 κ

228 4097 314 4161 Pauli
346 4117 405 4178 per
435 4091 615 4156 monachos
646 4100 679 4154 et
710 4090 844 4154 clericos
875 4112 952 4154 suos
983 4093 1144 4155 ordinare.
1190 4092 1342 4155 Preterea
1373 4093 1415 4154 de
1447 4093 1606 4154 mutando
1638 4093 1838 4155 monasterio
1869 4095 1902 4155 in

226 4189 334 4251 locum
367 4185 473 4257 illum,
504 4183 536 4244 in
569 4201 635 4262 quo
667 4181 811 4262 prelatus
836 4179 948 4256 GoizO,
981 4181 1153 4244 cardinalis
1183 4190 1296 4243 sancte
1320 4180 1459 4256 Cecilie‚
1491 4189 1568 4243 tunc
1598 4180 1782 4263 apostolice
1813 4183 1902 4244 sedis

229 4272 389 4364 [legatusl
412 4292 542 4335 crucem
567 4272 686 4351 posuit,
710 4272 890 4342 statuimus,
924 4280 967 4346 ut,
997 4271 1023 4332 si
1053 4271 1227 4352 episcopus
1251 4279 1370 4333 terram
1398 4270 1486 4332 illam
1510 4273 1559 4332 sui
1583 4272 1661 4333 iuris
1684 4290 1756 4333 esse
1781 4272 1903 4353 poterit

226 4366 412 4434 ostendere,
444 4362 736 4423 commutationem
761 4361 953 4422 tantundem
977 4360 1138 4423 valentem
1162 4359 1237 4422 alibi
1262 4380 1281 4421 a
1304 4362 1502 4422 monasterio
1534 4360 1678 4441 recipiat.
1724 4357 1901 4423 Addentes

227 4452 338 4542 elliam
362 4445 597 4535 prohibemus,]
625 4449 713 4511 utin
738 4447 909 4530 parrochia
932 4450 1033 4512 sancti
1056 4449 1144 4512 Pauli
1168 4451 1200 4511 in
1225 4450 1404 4529 dampnum
1429 4451 1530 4531 ipsius
1554 4448 1643 4511 nulla
1665 4448 1802 4536 ecclesia
1826 4470 1902 4513 con·

228 4552 384 4616 struatur,
422 4540 509 4603 salva
545 4540 576 4600 in
609 4537 760 4601 omnibus
799 4538 983 4620 apostolice
1019 4538 1107 4601 sedis
1142 4540 1346 4600 auctoritate.
1394 4535 1427 4601 Si
1460 4556 1524 4617 qua
1561 4539 1656 4620 igitur
1685 4541 1717 4601 in
1756 4538 1900 4602 futurum

229 4629 474 4720 [ecclesialstica
496 4626 689 4690 secularisve
720 4647 860 4708 persona
890 4626 974 4690 hanc
1005 4626 1241 4701 diffinitionem,
1276 4647 1318 4689 ex
1350 4635 1508 4710 precepto
1540 4635 1652 4690 nostro
1681 4628 1802 4690 factam
1826 4636 1902 4690 eta

227 4724 322 4786 nobis
345 4720 580 4792 confirmatam,
604 4717 776 4799 infringere
798 4719 1018 4798 temptaverit,
1042 4717 1165 4779 ordinis
1190 4725 1223 4779 et
1247 4715 1343 4779 officii
1366 4719 1415 4778 sui
1440 4717 1586 4799 periculo
1609 4716 1778 4779 subiaceat
1801 4725 1901 4798 atque

228 4812 464 4893 omnipotentis
494 4809 548 4870 dei
581 4815 614 4868 et
646 4806 816 4869 beatorum
845 4804 849 4892 l
877 4806 1113 4887 apostolorum,
1145 4805 1230 4868 Petri
1262 4815 1295 4868 et
1327 4806 1429 4881 Pauli,
1461 4807 1719 4887 indignationem
1749 4807 1900 4870 incurrat.

227 4900 347 4965 Amen.
384 4898 461 4961 Am.
499 4895 576 4958 Am.

440 4987 495 5065 (R)
518 4985 591 5066 Ego
614 4985 795 5049 Celestinus
818 4983 977 5071 catholice
1002 4982 1139 5070 ecclesie
1164 4986 1339 5066 episcopus
1362 5005 1404 5048 ss.
1428 4985 1491 5064 (M)

439 5077 460 5157 †
483 5076 555 5157 Ego
577 5074 718 5138 Ymarus
741 5075 946 5136 Tuscolanus
970 5076 1148 5156 episcopus
1171 5094 1211 5136 ss.

439 5166 460 5248 †
482 5165 556 5247 Ego
579 5164 693 5228 Petrus
717 5163 916 5227 Albanensis
940 5166 1116 5246 episcopus
1140 5183 1180 5224 ss.
1205 5161 1254 5245 (5)

439 5291 483 5301 -
505 5255 526 5338 †
549 5253 621 5334 Ego
646 5253 755 5318 Guido
780 5252 943 5337 presbiter
965 5253 1136 5315 cardinalis
1158 5254 1207 5314 tit.
1231 5252 1334 5314 sancti
1358 5249 1531 5333 Grisogoni
1555 5272 1595 5312 ss.

386 5455 411 5514 a)
431 5448 797 5513 Daserstebanrploomgirt
867 5449 894 5513 b)
913 5447 972 5497 dem
991 5448 1261 5513 arssRnsur.--.1)
1286 5447 1359 5510 Vergl
1382 5445 1419 5494 die
1440 5445 1574 5495 Urkunden
1591 5463 1646 5495 vom
1661 5446 1813 5496 remorum
1833 5449 1897 5497 1102

226 5524 313 5572 nnd3
332 5521 403 5572 Mars
423 5526 495 5572 1144.
611 5525 636 5587 2)
656 5522 703 5570 Die
724 5520 842 5570 Urknnde
865 5521 896 5569 ist
919 5521 970 5584 anf
983 5520 1028 5569 den
1052 5520 1168 5584 Todestog
1197 5519 1309 5567 celestius
1327 5517 1359 5565 II
1372 5517 1454 5567 datirt.
1563 5524 1590 5581 3)
1613 5518 1708 5579 Oberto,
1734 5519 1840 5583 Brsrhos
1852 5535 1899 5568 von

231 5595 353 5653 Cremona,
373 5611 393 5645 r.
415 5596 592 5643 1118-1162.
699 5595 727 5654 4)
751 5592 833 5650 Gos'so,
861 5593 1104 5657 Kardrnalpresbyter
1125 5593 1160 5639 tit.
1188 5590 1213 5638 S.
1237 5590 1341 5648 Caecilio,
1367 5589 1627 5640 sei11110Febmor.
1748 5593 1775 5654 5)
1797 5592 1897 5658 Gregor,

228 5666 440 5716 Ilardiaaldiakon
460 5666 504 5715 SS.
525 5666 604 5732 Sergii
619 5673 641 5716 et
657 5664 741 5724 Baeti,
760 5665 803 5713 seit
821 5666 895 5714 1123.
969 5665 996 5730 6)
1018 5663 1104 5722 Guido,
1123 5660 1336 5711 Kardinaldr'okon
1354 5661 1401 5711 SS.
1424 5661 1832 5722 CorneetDamiani,sei11132.
