3974 6188
366 475 419 556 (R)
443 476 516 555 Ego
540 471 707 554 Eugenius
730 474 891 538 catholice
915 474 1050 537 ecclesie
1074 475 1248 556 episcopus
1271 496 1312 537 ss.
1337 474 1400 555 (M)

364 567 385 643 †
408 565 481 646 Ego
504 565 643 626 Ymarus
666 563 868 626 Tusculanus
891 566 1066 645 episcopus
1089 586 1129 626 ss.

364 688 408 699 -
431 655 451 732 †
474 654 548 733 Ego
571 652 747 732 Gregorius
771 653 933 733 presbiter
955 654 1126 716 cardinalis
1150 654 1198 715 tit.
1223 653 1342 716 Calixti
1366 676 1406 717 ss.

365 741 385 824 †
409 744 481 823 Ego
505 741 678 803 Hubaldus
701 742 862 821 presbiter
885 741 1056 804 cardinalis
1080 743 1126 804 tit.
1150 753 1261 827 sancte
1284 744 1440 806 Praxedis
1463 765 1502 806 ss.

364 831 385 911 †
407 833 480 911 Ego
504 830 675 892 Aribertus
699 831 860 911 presbiter
882 830 1054 892 cardinalis
1078 832 1125 893 tit.
1149 842 1261 917 sancte
1284 832 1460 920 Anastasie
1484 855 1524 896 ss.

364 922 385 997 Τ
407 922 481 1001 Ego
505 920 602 981 lulius
626 919 787 1000 presbiter
810 920 981 982 cardinalis
1004 921 1052 981 tit.
1076 921 1178 982 sancti
1204 922 1347 983 Marcelli
1372 944 1412 985 ss.

363 1008 384 1088 †
407 1011 480 1090 Ego
504 1008 613 1072 Guido
638 1009 799 1089 presbiter
821 1010 994 1071 cardinalis
1016 1010 1064 1071 tit.
1088 1010 1230 1071 Pastoris
1253 1031 1293 1072 ss.

364 1099 384 1175 †
408 1100 481 1179 Ego
506 1098 706 1161 Octavianus
729 1098 891 1178 presbiter
914 1098 1086 1160 cardinalis
1109 1099 1156 1160 tit.
1181 1109 1293 1161 sancte
1316 1098 1436 1185 Cecilie
1459 1121 1500 1163 ss.

365 1184 482 1268 †Ego
507 1186 670 1250 Gerardus
700 1186 861 1266 presbiter
889 1187 1062 1249 cardinalis
1093 1188 1139 1249 tit.
1164 1189 1267 1250 sancti
1291 1188 1450 1269 Stephani
1475 1190 1507 1251 in
1532 1188 1623 1252 Celio
1646 1198 1760 1252 monte
1783 1212 1823 1254 ss.

365 1273 385 1356 †
408 1278 482 1357 Ego
505 1276 667 1338 lohannes
690 1275 853 1356 presbiter
875 1277 1047 1338 cardinalis
1071 1277 1118 1338 tit.
1141 1285 1328 1338 sanctorum
1351 1276 1505 1340 Iohannis
1529 1289 1561 1340 et
1583 1279 1672 1341 Pauli
1697 1300 1738 1341 ss.

365 1401 409 1410 -
432 1368 452 1445 †
476 1367 548 1445 Ego
573 1365 655 1427 Otto
679 1365 836 1427 diaconus
860 1366 1032 1427 cardinalis
1054 1367 1157 1427 sancti
1182 1366 1314 1447 Georgii
1339 1367 1381 1428 ad
1404 1367 1521 1428 Velum
1547 1387 1680 1430 aureum
1700 1389 1741 1431 ss.

365 1452 385 1535 †
409 1457 482 1535 Ego
506 1453 666 1515 Rodulsus
691 1454 847 1517 diaconus
870 1455 1043 1517 cardinalis
1066 1465 1177 1539 sancte
1200 1456 1300 1540 Lucie
1323 1457 1355 1517 in
1379 1464 1474 1537 septa
1496 1457 1575 1519 solis
1598 1478 1639 1519 ss

365 1540 386 1624 †
409 1544 482 1624 Ego
505 1543 682 1623 Gregorius
706 1544 864 1605 diaconus
887 1543 1058 1606 cardinalis
1081 1545 1183 1606 sancti
1208 1544 1329 1624 Angeli
1353 1566 1394 1606 ss.

366 1629 386 1713 †
410 1634 483 1713 Ego
507 1632 616 1695 Guido
641 1632 799 1695 diaconus
823 1633 994 1695 cardinalis
1017 1644 1130 1695 sancte
1154 1634 1256 1719 Marie
1280 1635 1312 1696 in
1336 1633 1464 1696 Porticu
1488 1655 1530 1695 ss.

365 1723 386 1798 'r
408 1722 482 1802 Ego
505 1721 646 1782 lacintus
670 1722 828 1784 diaconus
852 1721 1024 1784 cardinalis
1047 1734 1158 1784 sancte
1183 1723 1284 1807 Marie
1308 1724 1340 1784 in
1365 1722 1558 1804 Cosmydyn
1581 1743 1622 1785 ss.

364 1811 385 1888 †
408 1812 481 1891 Ego
503 1810 718 1872 lldebrandus
741 1823 853 1895 sancte
876 1812 1026 1895 Romane
1050 1811 1206 1896 aecclesie
1231 1812 1389 1874 diaconus
1412 1813 1585 1874 cardinalis
1608 1834 1649 1875 ss

365 1901 385 1978 †
408 1901 481 1981 Ego
506 1899 583 1962 Odo
608 1900 765 1962 diaconus
789 1901 962 1962 cardinalis
985 1908 1096 1985 sancte
1120 1902 1268 1986 Romane
1292 1902 1429 1985 ecclesie
1452 1921 1493 1963 ss,

313 1991 435 2051 Datum
452 1988 574 2073 Signie,
598 2008 657 2069 per
680 2009 812 2051 manum
836 1991 985 2063 Bosonis‚
1008 2000 1120 2073 sancte
1135 1991 1285 2075 Romane
1309 1991 1444 2076 ecclesie
1468 1991 1644 2071 scriptoris.
1691 1990 1820 2053 11Non.

153 2078 244 2139 lunii.
295 2078 477 2140 Indictione
507 2089 564 2139 xv.
617 2077 853 2141 incarnationis
886 2079 1049 2164 dominice
1080 2098 1166 2140 anno
1199 2091 1307 2141 Mthl.
1360 2079 1571 2142 Pontificatus
1600 2098 1680 2142 vero
1711 2080 1821 2142 domni

153 2167 289 2247 Eugenii
314 2168 433 2228 111PP.
457 2186 544 2229 anno
568 2180 639 2228 viu.
1153 2185 1154 2189 ¹

311 2280 436 2346 Abschrist
456 2281 485 2330 G.
510 2280 578 2330 VIII.
596 2280 648 2330 243
664 2287 688 2343 p.
712 2285 769 2340 111,
788 2281 831 2330 der
848 2281 911 2329 Bibl.
935 2280 1052 2347 chigiano
1070 2297 1099 2328 :u
1116 2282 1186 2329 Rom.

896 2591 962 2664 Nr.
996 2596 1081 2666 111.

154 2725 268 2807 Eugen
284 2722 349 2787 III
367 2723 515 2806 bestc'r‘tz'gt
540 2725 612 2787 dem
632 2721 762 2785 Kloster
775 2722 876 2786 Sama
893 2724 1005 2786 Maria
1027 2725 1067 2787 di
1083 2723 1205 2787 Serena
1221 2721 1279 2803 (D.
1304 2721 1464 2805 Volterra)
1480 2724 1567 2788 sciara
1582 2723 1822 2804 Besitzthr'imer,

392 2815 502 2894 wofic'r
515 2836 548 2876 es
554 2811 704 2899 J'iilzrlicle
721 2813 812 2875 ez'nea
828 2810 1008 2895 minamur
1020 2835 1063 2876 aa
1078 2814 1132 2877 die
1147 2814 1257 2876 Kurie
1271 2834 1311 2875 au
1327 2812 1506 2876 entrz'clrten
1520 2813 1586 2876 leat.

727 2949 814 3009 1152
829 2946 1004 3009 December
1016 2950 1071 3010 20.
1103 2947 1253 3010 lateran.

314 3080 480 3161 Eugenius
496 3082 681 3163 episcopus,
698 3102 808 3144 servus
824 3102 989 3143 servorum
1008 3082 1069 3155 dci,
1094 3081 1220 3143 dilectis
1243 3080 1316 3142 filiis
1332 3080 1484 3151 Guidoni,
1509 3080 1622 3144 abbati
1639 3085 1823 3146 monasterii

155 3170 252 3232 beate
268 3170 371 3231 Marie
388 3171 429 3232 de
445 3170 567 3233 Serena
585 3168 617 3253 ¹),
634 3172 768 3251 eiusque
784 3170 945 3247 fratribus,
960 3182 1026 3232 tam
1044 3170 1250 3251 presentibus
1266 3189 1365 3250 quam
1383 3170 1503 3244 suturis,
1528 3171 1709 3250 regularem
1726 3174 1823 3234 vitam

155 3259 319 3339 professis,
337 3272 374 3321 ΙΝ
386 3272 463 3321 ΡΡΜ.
475 3293 519 3304 -
539 3257 544 3345 Ι
566 3260 675 3323 Officii
691 3261 792 3322 nostri
810 3280 869 3322 nos
880 3260 1049 3341 compellit
1064 3261 1249 3333 auctoritas,
1266 3279 1327 3339 pro
1345 3259 1553 3321 ecclesiarum
1566 3270 1652 3322 statu
1668 3269 1823 3343 satagere,

155 3358 188 3410 et
211 3367 271 3428 pro
296 3348 357 3409 illis
381 3350 532 3424 maxime,
556 3368 620 3429 que
643 3349 684 3410 ad
709 3351 757 3411 ius
780 3349 867 3412 beati
891 3350 974 3411 Petri
999 3348 1185 3430 specialiter
1204 3344 1209 3431 Ι
1229 3360 1378 3429 spectare
1398 3356 1583 3410 noscuntur.
1629 3349 1822 3432 Eapropter,

155 3436 265 3499 dilecti
297 3437 329 3498 in
361 3438 496 3499 domino
528 3437 593 3513 filii,
624 3439 739 3500 vestris
769 3439 859 3500 iustis
891 3438 1168 3519 postulationibus
1197 3438 1374 3499 clementer
1397 3438 1576 3509 annuimus,
1609 3448 1642 3500 et
1665 3440 1823 3520 prefatam

154 3526 335 3600 ecclesiam,
359 3527 391 3587 in
416 3547 481 3608 quo
506 3527 617 3589 divino
632 3528 819 3621 ⁴mancipati
844 3529 920 3589 estis
943 3528 1114 3607 obsequi0,
1138 3526 1199 3588 sub
1223 3526 1311 3588 beati
1327 3527 1411 3588 Petri
1436 3535 1470 3588 et
1492 3536 1604 3589 nostra
1619 3530 1824 3609 protectione

154 3616 349 3697 suscipimus
389 3625 421 3678 et
461 3617 621 3697 presentis
653 3618 764 3697 scripti
795 3617 979 3698 patrocinio
1010 3616 1259 3679 communimus.
1311 3616 1508 3688 Statuentes
1539 3627 1574 3678 ut
1603 3636 1823 3699 quascumque

155 3706 389 3788 possessiones,
414 3725 620 3785 quecumque
643 3706 733 3767 bona
755 3706 869 3767 eadem
895 3706 1031 3768 ecclesia
1047 3706 1079 3767 in
1096 3706 1331 3786 presentiarum
1349 3707 1431 3768 iuste
1447 3713 1479 3767 et
1494 3706 1652 3768 canonice
1668 3707 1822 3788 possidet,

156 3803 212 3857 aut
242 3795 275 3856 in
307 3793 447 3856 futurum
479 3795 691 3856 concessione
722 3794 930 3875 pontificum,
965 3790 1160 3878 [larlgitione
1191 3814 1302 3874 regum
1333 3795 1384 3856 vel
1417 3795 1617 3875 principum,
1656 3796 1823 3858 oblatione

155 3884 300 3946 fidelium
323 3904 379 3945 seu
403 3884 474 3945 aliis
497 3884 587 3944 iustis
611 3883 718 3945 modis
742 3884 805 3946 deo
829 3885 975 3965 propitio
1005 3884 1127 3964 poterit
1150 3883 1296 3963 adipisci,
1321 3882 1412 3945 firma
1434 3884 1530 3945 vobis
1553 3884 1734 3965 vestrisque
1757 3906 1822 3947 suc·

156 3973 340 4037 cessoribus
363 3982 397 4034 et
419 3971 543 4033 illibata
558 3984 780 4053 permaneant.
820 3974 856 4034 ln
873 3972 991 4053 quibus
1007 3973 1067 4034 hec
1083 3973 1224 4053 propriis
1241 3972 1393 4034 duximus
1409 3973 1623 4052 exprimenda
1638 3974 1822 4038 vocabulis:

156 4063 265 4126 locum
289 4062 321 4123 in
345 4081 412 4142 quo
435 4062 541 4141 ipsum
565 4063 797 4123 monasterium
821 4063 919 4124 situm
942 4072 999 4133 est,
1024 4060 1183 4142 capellam
1207 4062 1309 4122 sancti
1335 4063 1516 4135 Octaviani,
1545 4061 1705 4143 capellam
1730 4064 1823 4126 castri

157 4151 341 4225 Clausulini,
366 4149 525 4231 capellam
551 4149 591 4211 de
608 4150 779 4226 Bursolini,
804 4151 962 4231 capellam
985 4152 1088 4212 sancti
1113 4148 1282 4212 Michaelis
1306 4149 1347 4211 de
1371 4160 1476 4212 castro
1493 4152 1639 4225 Frosino,
1665 4153 1823 4234 capellam

156 4242 259 4304 sancti
284 4239 416 4319 Georgii
442 4239 484 4300 de
499 4238 646 4314 Ticlan0,
671 4239 831 4320 capellam
854 4241 956 4301 sancti
980 4240 1133 4301 Iohannis
1157 4239 1355 4319 evangeliste
1380 4239 1640 4315 deMirand010,
1665 4241 1824 4322 capellam

156 4331 259 4393 sancti
276 4329 399 4391 Donati
417 4327 458 4389 de
473 4327 673 4404 Buttinian0‚
696 4329 856 4409 capellam
872 4329 975 4390 sancti
990 4327 1156 4390 Vincentii
1173 4328 1214 4389 de
1230 4329 1354 4408 Fogali,
1372 4329 1531 4408 capellam
1547 4330 1650 4391 sancti
1666 4330 1823 4393 Pancratii

158 4421 199 4482 de
230 4418 367 4491 Cosani,
401 4417 559 4498 capellam
589 4418 692 4478 sancti
720 4416 819 4479 Blasii
849 4418 890 4479 de
921 4417 1048 4491 Islait0,
1088 4416 1246 4498 capellam
1277 4418 1378 4479 sancti
1407 4418 1505 4479 Blasii
1537 4419 1578 4480 de
1610 4419 1727 4482 Monte
1750 4420 1824 4493 alto,

158 4508 318 4590 capellam
348 4506 451 4568 sancti
474 4505 595 4586 Angeli
627 4505 715 4585 apud
747 4506 898 4580 Nottule‚
932 4506 1092 4587 capellam
1123 4506 1220 4569 beate
1251 4507 1354 4590 Marie
1387 4506 1428 4568 de
1450 4507 1634 4583 Pulveraia,
1667 4507 1824 4590 capellam

156 4597 259 4661 sancti
276 4592 446 4659 Michaelis
470 4595 512 4656 de
532 4594 728 4657 Castellione
744 4595 909 4670 Bernardi,
934 4596 1093 4676 capellam
1117 4597 1220 4657 sancti
1235 4595 1361 4675 Reguli,
1385 4595 1543 4677 capellam
1567 4598 1670 4659 sancti
1695 4595 1824 4660 Martini

158 4688 199 4749 de
222 4685 398 4759 Subereto,
423 4684 582 4766 capellam
606 4685 708 4746 sancti
733 4685 814 4759 Viti,
846 4685 1005 4766 capellam
1029 4685 1131 4746 sancti
1155 4683 1253 4746 Blasii
1279 4684 1319 4745 de
1344 4696 1450 4746 castro
1475 4684 1643 4767 CampiIIe,
1667 4687 1825 4768 capellam

156 4777 259 4839 sancti
282 4773 452 4836 Michaelis
476 4773 517 4835 de
539 4773 684 4849 Biserno,
709 4774 868 4854 capellam
892 4784 1004 4836 sancte
1026 4774 1128 4836 Lucie
1151 4773 1192 4835 de
1212 4774 1392 4849 Periniano,
1417 4773 1577 4854 capellam
1600 4786 1713 4838 sancte
1727 4777 1826 4861 Lucie

158 4865 278 4927 montis
302 4862 442 4937 Castelli,
467 4872 499 4924 et
523 4862 681 4942 capellam
706 4873 818 4925 sancte
843 4864 1017 4943 Margaritc
1042 4863 1081 4925 de
1105 4862 1297 4935 Tedernule,
1327 4882 1407 4943 quas
1437 4864 1588 4926 nimirum
1615 4865 1758 4946 capellas
1782 4864 1824 4927 di-

157 4953 320 5035 sponendi
344 4962 377 5014 et
393 4951 565 5013 ordinandi
583 4952 746 5014 licentiam
763 4952 919 5028 habeatis,
943 4953 1025 5014 sicut
1040 4951 1197 5013 hactenus
1214 4953 1370 5014 canonice
1391 4952 1589 5033 disposuisse
1613 4960 1645 5014 et
1661 4955 1826 5016 ordinasse

156 5043 321 5105 videmini.
377 5040 463 5103 Sane
501 5040 644 5102 decimas
675 5042 919 5122 possessionum
948 5051 1145 5115 vestrarum,
1185 5061 1264 5122 quas
1296 5042 1436 5122 propriis
1473 5043 1657 5123 sumptibus
1687 5038 1825 5128 colit[is]‚

158 5132 262 5194 nullus
286 5152 305 5192 a
327 5129 422 5191 vobis
453 5130 584 5210 exigere
607 5141 783 5210 presumat.
828 5130 1043 5192 Decernimus
1068 5150 1155 5210 ergo,
1186 5137 1221 5190 ut
1252 5131 1328 5191 nulli
1361 5132 1496 5193 omnino
1528 5131 1699 5193 hominum
1725 5133 1826 5204 liceat,

157 5221 318 5303 prefatam
342 5219 511 5281 ecelesiam
535 5226 658 5281 temere
681 5219 880 5300 perturbare,
904 5228 959 5281 aut
983 5220 1051 5281 eius
1074 5220 1298 5300 possessiones
1322 5220 1445 5282 auferre
1461 5220 1513 5282 vel
1533 5220 1660 5284 ablatas
1683 5222 1826 5295 retinere,

158 5311 301 5372 minuere
324 5328 380 5371 seu
405 5308 604 5388 quibuslibet
626 5309 856 5371 vexationibus
885 5309 1029 5388 fatigare,
1060 5309 1118 5370 sed
1150 5309 1260 5370 omnia
1291 5310 1416 5389 integra
1447 5320 1678 5372 conserventur
1707 5329 1826 5384 eorum,

157 5420 218 5481 pro
242 5418 381 5480 quorum
404 5397 642 5479 gubernatione
658 5408 756 5479 atque
772 5399 1008 5461 sustentatione
1025 5418 1180 5460 concessa
1196 5405 1279 5473 sunt,
1304 5398 1415 5461 usibus
1435 5399 1635 5462 omnimodis
1651 5400 1827 5482 profutura

157 5666 173 5714 9
193 5664 238 5712 Η
319 5592 343 5655 1)
362 5590 542 5712 SantaAMuria
556 5590 651 5656 gckdrte
667 5608 696 5641 ru
713 5593 882 5652 lbllombrosu,
902 5594 977 5657 nergl.
997 5592 1175 5650 ll'e'nkelmamr,
1194 5592 1255 5640 Acta
1269 5591 1366 5657 Imperii
1378 5593 1395 5641 I
1403 5600 1430 5656 p.
1446 5594 1485 5652 42,
1507 5595 1548 5653 18,
1566 5593 1622 5643 oben
1640 5592 1678 5642 dic
1697 5593 1759 5645 Urk.
1776 5609 1827 5643 vom

213 5680 301 5712 emar
320 5665 384 5712 1115
402 5680 426 5712 u.
468 5698 475 5714 .
