3982 6194
369 443 389 527 †
412 445 485 528 Ego
509 443 706 509 Octavianus
730 444 892 528 presbiter
915 446 1088 512 cardinalis
1110 450 1159 511 tit.
1183 455 1296 512 sancte
1318 447 1437 512 Cecilie
1459 468 1499 512 ss.

368 571 412 582 -
434 533 454 618 †
478 534 550 617 Ego
574 534 683 598 Guido
705 536 863 598 diaconus
887 532 1063 619 carlldinalis
1085 546 1197 601 sancte
1220 538 1323 601 Marie
1346 539 1378 599 in
1402 537 1532 600 Porticu
1555 556 1597 599 ss.

367 622 388 707 †
411 623 484 708 Ego
507 623 666 687 Iohannes
689 625 845 687 diaconus
869 626 1041 688 cardinalis
1064 634 1250 690 sanctorum
1274 627 1380 710 Sergii
1404 635 1438 691 et
1460 623 1561 689 Bachi
1583 645 1626 688 ss.
1651 621 1700 709 (2)

315 713 391 777 Dat.
406 714 566 789 Laterani,
591 734 649 796 per
672 734 803 776 manum
826 713 975 790 Rolandi,
997 724 1106 799 sancte
1121 716 1269 801 Romane
1293 716 1431 800 ecclesie
1454 715 1627 797 presbiteri
1652 712 1828 777 cardinalis

157 809 190 865 et
213 802 400 866 cancellarii.
445 818 520 867 xvll
542 802 595 866 Kl.
620 800 784 866 Octobris.
828 802 1010 866 indictione
1033 820 1081 869 111.
1127 806 1361 870 lucarnationis
1383 805 1548 889 dominice
1580 823 1668 869 anuo
1692 814 1826 868 Meum.

156 890 365 955 Pontificatus
387 912 466 955 vero
490 893 605 955 domni
627 893 793 956 Anastasii
817 907 870 957 1111
892 914 949 975 pp.
974 914 1060 958 anno
1084 909 1117 961 11.

318 1007 360 1056 Or.
379 1005 413 1054 im
430 1006 544 1056 Arrkr'vio
562 1007 625 1056 della
647 1003 742 1055 Trim'tci
760 1023 789 1055 ru
807 1007 846 1055 La
868 1007 942 1060 Cava.

316 1078 386 1143 Perg.
405 1077 466 1137 irat,
484 1079 519 1126 br.
539 1079 608 1137 0,46,
626 1080 687 1143 lang
703 1080 772 1138 0,49,
791 1085 866 1128 unten
884 1080 945 1138 0,03
961 1080 1150 1145 unrgrsclrtagen,
1175 1079 1254 1129 durch
1272 1080 1288 1128 2
1306 1077 1399 1128 tectu
1412 1077 1475 1144 ging
1491 1077 1528 1127 die
1546 1077 1653 1137 Schnur,
1679 1075 1768 1124 welche
1784 1075 1825 1123 mit

156 1149 208 1197 dem
226 1148 280 1198 Blei
303 1152 419 1199 verterer.
455 1150 564 1215 Fultung
587 1150 630 1198 der
646 1150 744 1199 Bullen.
781 1151 918 1216 Ringkrmr
934 1152 990 1200 und
1008 1151 1172 1216 L'ntcrsckrrst
1193 1166 1241 1199 von
1260 1151 1377 1217 gleicher,
1406 1149 1542 1214 Unuclrrift
1565 1165 1614 1198 verr
1637 1155 1713 1198 etwas
1731 1146 1824 1196 terrem

155 1221 239 1270 Dirrte.
275 1221 323 1270 Die
339 1221 467 1286 Datimng
483 1222 557 1270 rrihrt
580 1237 634 1270 urm
658 1221 944 1286 Hauptktrpersckreibrr
968 1223 1023 1286 her,
1051 1223 1136 1277 dasR
1159 1223 1268 1274 Rolandr
1291 1222 1381 1275 scietur
1408 1222 1482 1273 datin
1507 1221 1685 1290 mcdgetragrn
1713 1235 1743 1270 eu
1769 1219 1821 1270 seire

156 1291 335 1360 ngenfirmen
352 1292 476 1343 theilwerlrc
495 1292 562 1344 wohl
575 1308 624 1345 von
637 1292 743 1362 gleicher
760 1293 845 1349 Haud.

896 1582 962 1657 Nr.
993 1586 1079 1657 148.

154 1724 346 1791 Anastasius
358 1728 382 1792 J
388 1727 414 1791 V
423 1728 571 1812 bestr'ttrgt
581 1730 653 1794 dem
665 1730 743 1793 Atre
760 1729 831 1794 Otto
840 1751 905 1794 von
922 1729 952 1794 C
950 1731 1010 1794 ielo
1025 1730 1056 1794 d
1063 1730 1127 1795 Oro
1141 1730 1180 1794 di
1190 1731 1296 1793 Paviu
1312 1729 1366 1793 dte
1377 1727 1617 1792 Besitztlrr'trrrcr
1627 1727 1701 1790 und
1711 1727 1825 1790 Rretrte

361 1819 465 1881 seines
489 1817 642 1900 Klostrrs,
663 1819 731 1883 und
750 1819 888 1884 verler'lrt
910 1819 979 1884 ilem
996 1819 1182 1904 persdnliclr
1205 1816 1411 1904 br'sclriiftz'clre
1434 1815 1612 1901 lmrgnien.

748 1955 831 2016 1154
854 1952 985 2018 October
998 1956 1048 2018 15.
1081 1955 1232 2018 Lateran.

313 2085 508 2149 Anastasius
530 2088 713 2169 episcopus,
736 2107 847 2152 servus
869 2107 1037 2152 servorum
1054 2089 1117 2164 dei,
1141 2087 1260 2150 dilecto
1280 2085 1345 2150 filio
1363 2084 1487 2160 Ottoni,
1511 2084 1623 2149 abbati
1639 2083 1826 2147 monasterii

154 2172 256 2235 sancti
272 2175 366 2249 Petri,
390 2175 481 2254 quod
504 2176 623 2238 dicitur
642 2175 754 2240 Celum
778 2197 919 2253 aureum,
943 2180 1078 2257 eiusque
1101 2175 1345 2241 successoribus
1368 2175 1560 2259 regulariter
1582 2171 1826 2248 substituendis,

154 2275 193 2325 ΙΝ
222 2275 299 2325 ΡΡΜ.
334 2299 378 2310 -
406 2263 603 2347 Apostolice
642 2268 730 2330 sedis
767 2268 962 2330 auctoritate
1001 2266 1182 2346 debitoque
1218 2264 1462 2348 compellimur,
1502 2283 1563 2345 pro
1602 2262 1824 2326 universarum

154 2350 363 2416 ecclesiarum
394 2361 480 2416 statu
509 2362 658 2437 satagere
695 2364 728 2419 et
758 2376 869 2419 earum
900 2358 1014 2435 quieti,
1052 2376 1116 2437 que
1146 2356 1318 2438 specialius
1350 2355 1457 2418 eidem
1488 2353 1560 2417 sedi
1592 2351 1754 2416 adherent
1792 2359 1826 2415 et

154 2448 309 2520 tanquam
332 2443 400 2505 iure
423 2445 558 2525 proprio
581 2444 729 2509 subiecte
750 2452 833 2520 sunt,
861 2445 1036 2508 auxiliante
1068 2445 1212 2520 domino,
1244 2444 1427 2527 providere.
1473 2444 1671 2524 Eapropter,
1703 2440 1825 2503 dilecte

155 2530 187 2591 in
211 2530 345 2593 domino
368 2530 422 2605 fili,
444 2530 526 2595 Otto
549 2533 662 2608 abbas,
693 2535 755 2596 tuis
779 2534 869 2596 iustis
893 2534 1168 2615 postulationibus
1189 2534 1217 2615 a)
1241 2534 1418 2596 clementer
1441 2533 1620 2605 annuimus,
1651 2536 1685 2593 et
1709 2530 1825 2611 prede·

154 2634 320 2682 cessorum
343 2628 529 2683 nostrorum
553 2621 653 2685 felicis
678 2624 834 2686 memorie
857 2621 1031 2696 Paschalis,
1061 2622 1187 2697 Calixti,
1217 2622 1405 2696 Innocentii,
1429 2619 1575 2702 Eugenii,
1597 2619 1825 2682 Romanorum

154 2704 378 2791 (pontificum),
394 2707 572 2772 inherendo
588 2713 740 2794 vestigiis,
762 2711 851 2775 beati
869 2710 964 2787 Petri,
987 2712 1213 2793 apostolorum
1238 2713 1402 2793 principis
1420 2710 1661 2781 monasterium,
1686 2708 1737 2770 cui
1761 2708 1825 2770 deo

154 2804 287 2860 auctore
299 2799 454 2879 presides,
467 2799 557 2880 quod
569 2801 681 2879 utique
693 2800 779 2863 beati
792 2800 973 2883 Augustini,
985 2801 1130 2863 doctoris
1143 2800 1273 2883 egregii,
1286 2799 1446 2882 corporali
1460 2799 1624 2880 presentia
1640 2796 1826 2871 illustratur,

155 2883 339 2971 presenti(s)
353 2888 464 2970 scripti
479 2888 650 2971 privilegio
665 2890 910 2952 communimus.
932 2889 1112 2953 Statuimus
1128 2892 1222 2962 enim,
1239 2897 1273 2951 ut
1290 2908 1496 2970 quecumque
1511 2887 1605 2961 bona,
1617 2904 1825 2966 quecumque

155 2976 276 3057 predia,
292 2976 414 3039 urbana
429 2979 497 3040 sive
513 2980 640 3053 rustica,
656 2978 742 3041 culta
758 2979 809 3041 vel
826 2978 956 3052 inculta,
972 2997 1178 3060 quecumque
1194 2979 1416 3060 possessiones
1432 2977 1464 3038 in
1479 2974 1577 3050 villis,
1601 2973 1697 3049 silvis,
1715 2975 1825 3056 pratis,

155 3064 298 3139 coloniis,
322 3065 430 3138 servis
452 3066 576 3129 ancillis
592 3087 649 3130 seu
664 3067 848 3131 aldionibus
864 3071 896 3130 in
913 3067 1053 3130 ecclesiis
1078 3075 1110 3130 et
1129 3068 1157 3144 b)
1181 3069 1316 3130 decimis
1340 3068 1486 3129 omnium
1510 3065 1632 3146 ubique
1655 3071 1825 3140 terrarum,

154 3154 356 3229 rusticorum,
379 3155 628 3218 donnicatorum
653 3165 686 3219 et
701 3156 904 3230 familiarum,
928 3159 995 3220 sive
1012 3158 1168 3239 primiciis
1184 3157 1225 3219 ad
1245 3164 1389 3218 vestrum
1410 3156 1584 3219 cenobium
1608 3155 1825 3218 concessione

155 3241 354 3323 pontificum,
385 3243 560 3325 largicione
591 3266 703 3327 regum
727 3246 778 3309 vel
809 3248 1007 3328 principum,
1039 3245 1207 3308 oblatione
1238 3244 1383 3308 fidelium
1412 3265 1470 3307 seu
1501 3244 1573 3307 aliis
1597 3244 1691 3306 iustis
1716 3243 1826 3306 modis

154 3330 184 3393 in
209 3334 444 3413 presentiarum
467 3337 630 3415 pertinent
652 3343 708 3397 aut
728 3333 754 3419 c)
785 3337 817 3397 in
841 3334 991 3410 futurum,
1014 3334 1172 3416 largiente
1196 3334 1339 3407 domino,
1373 3334 1460 3397 idem
1485 3333 1721 3396 monasterium
1742 3333 1826 3396 iuste

154 3423 276 3502 poterit
298 3421 442 3504 adipisci,
472 3421 565 3485 firma
596 3423 655 3486 tibi
677 3426 807 3505 tuisque
830 3424 1071 3486 successoribus
1095 3431 1127 3485 et
1150 3422 1276 3486 illibata
1299 3431 1521 3505 permaneant.
1568 3421 1724 3485 Obeunte
1747 3442 1825 3484 vero

153 3518 195 3585 te,
226 3531 312 3573 nunc
341 3511 489 3573 eiusdem
518 3512 581 3574 loci
611 3512 741 3587 abbate,
771 3512 821 3576 vel
854 3521 983 3575 tuorum
1015 3510 1162 3593 quolibet
1194 3531 1432 3586 successorum,
1464 3510 1570 3573 nullus
1603 3510 1648 3572 ibi
1679 3510 1827 3591 qualibet

153 3600 364 3680 surreptionis
387 3603 511 3663 astucia
534 3622 592 3664 seu
615 3600 773 3665 violencia
797 3613 1005 3684 preponatur,
1034 3602 1091 3664 nisi
1116 3622 1214 3682 quem
1245 3600 1360 3663 fratres
1390 3601 1556 3662 communi
1587 3618 1752 3662 consensu
1775 3599 1827 3662 vel

154 3687 288 3751 fratrum
312 3709 386 3772 pars
417 3690 541 3753 consilii
564 3691 700 3753 sanioris
723 3691 903 3754 secundum
935 3690 987 3753 dei
1020 3692 1169 3753 timorem
1201 3699 1234 3753 et
1265 3689 1352 3752 beati
1375 3689 1548 3751 Benedicti
1580 3687 1728 3769 regulam
1753 3707 1826 3768 pro·

153 3777 292 3840 viderint
308 3778 508 3860 eligendum;
524 3778 648 3842 electus
663 3789 772 3843 autem
788 3780 830 3842 ad
846 3779 1032 3842 Romanum
1049 3779 1240 3862 pontificem
1256 3778 1496 3842 consecrandus
1512 3777 1657 3841 accedat.
1691 3774 1828 3850 Crisma,

154 3867 263 3929 oleum
286 3877 444 3943 sanctum,
474 3870 736 3931 consecrationes
763 3868 912 3932 altarium
935 3888 992 3931 seu
1016 3869 1229 3942 basilicarum,
1262 3869 1484 3930 ordinationes
1508 3865 1746 3929 monachorum
1770 3884 1827 3927 seu

154 3955 384 4018 canonicorum
399 3965 590 4032 vestrorum,
607 3959 660 4039 qui
676 3959 717 4020 ad
733 3978 843 4021 sacros
860 3958 991 4020 ordines
1006 3957 1122 4020 fuerint
1138 3957 1362 4039 promovendi,
1378 3978 1397 4019 a
1414 3975 1624 4037 quocumque
1639 3953 1828 4028 malueritis,

154 4042 316 4107 catholico
339 4047 522 4127 suscipiatis
546 4047 713 4129 episcope,
736 4047 897 4127 siquidem
921 4048 1055 4128 gratiam
1079 4048 1167 4110 sedis
1190 4047 1373 4128 apostolice
1396 4043 1557 4107 habuerit.
1602 4043 1721 4107 Missas
1746 4063 1826 4125 quo·

153 4154 217 4215 que
240 4133 389 4216 publicas
413 4137 446 4197 in
469 4137 587 4199 eodem
612 4139 810 4199 monasterio
827 4136 982 4199 celebrari
998 4145 1054 4198 aut
1069 4138 1243 4199 stationem
1261 4143 1317 4198 aut
1332 4134 1496 4215 synodum
1513 4131 1565 4196 vel
1580 4133 1824 4197 ordinationem

152 4223 295 4302 aliquam
326 4232 436 4306 preter
466 4225 595 4288 abbatis
627 4225 828 4288 voluntatem
859 4225 902 4287 ab
933 4227 1091 4306 episcopo
1122 4225 1272 4304 quolibet
1301 4223 1370 4288 fieri
1401 4222 1624 4305 prohibemus.
1675 4221 1734 4285 Ad
1765 4219 1826 4284 hec

153 4314 295 4394 presenti
319 4313 462 4396 capitulo
487 4315 674 4388 adicientes,
698 4314 879 4387 dalmatice,
909 4315 1012 4386 mitre,
1045 4314 1264 4376 sandaliorum
1288 4333 1347 4376 nec
1371 4333 1436 4375 non
1469 4310 1707 4375 cirothecarum
1731 4331 1825 4373 usum

154 4409 187 4464 et
225 4403 308 4464 inter
346 4403 560 4466 itinerandum
602 4404 724 4485 insigne
762 4401 944 4465 tintinabuli
983 4402 1042 4465 tibi
1081 4404 1210 4482 tuisque
1246 4401 1487 4465 successoribus
1509 4395 1553 4464 'et
1588 4401 1620 4462 in
1651 4399 1825 4482 sepedicto

153 4493 350 4554 monasterio
374 4492 574 4574 baptismum
596 4493 629 4554 in
654 4490 799 4573 paschali
822 4491 1064 4574 sollempnitate
1087 4512 1146 4572 per
1169 4491 1336 4554 subiectos
1359 4490 1456 4554 vobis
1480 4491 1617 4554 clericos
1640 4487 1710 4552 fieri
1733 4489 1825 4551 iuxta

153 4581 423 4662 predecessorum
446 4589 631 4644 nostrorum
654 4588 775 4643 statuta
798 4581 1016 4643 concedimus.
1063 4577 1184 4659 Sicque
1207 4581 1249 4642 ab
1275 4581 1362 4642 omni
1386 4582 1463 4662 iugo
1486 4600 1542 4642 seu
1571 4579 1698 4641 ditione
1721 4580 1826 4640 cuius·

153 4689 293 4750 cumque
318 4690 456 4751 persone
479 4678 620 4732 vestrum
645 4669 820 4733 cenobium
844 4668 981 4732 liberum
999 4689 1189 4751 permanere
1204 4672 1396 4742 sanccimus
1420 4676 1455 4731 ut
1470 4668 1531 4730 soli
1546 4675 1660 4730 sancte
1675 4667 1825 4730 Romane

153 4767 187 4822 et
207 4758 388 4841 apostolice
403 4759 538 4822 ecclesie
556 4759 722 4822 subditum
745 4757 905 4822 habeatur
923 4756 961 4842 d).
992 4758 1206 4821 Decernimus
1229 4778 1318 4840 ergo,
1341 4767 1376 4820 ut
1392 4757 1469 4819 nulli
1500 4757 1630 4819 omnino
1654 4755 1825 4819 hominum

152 4848 263 4922 liceat,
304 4852 565 4930 prenominatum
601 4851 831 4912 monasterium
862 4856 985 4911 temere
1020 4848 1210 4928 perturbare
1249 4856 1305 4910 aut
1334 4849 1402 4910 eius
1433 4847 1659 4929 possessiones
1696 4845 1826 4909 auferre

152 4937 204 5000 vel
234 4936 359 5000 ablatas
392 4938 536 5013 retinere,
569 4940 713 5001 minuere
744 4947 799 5000 aut
828 4936 989 5016 aliquibus
1020 4937 1247 4999 vexationibus
1283 4936 1434 5019 fatigare,
1473 4937 1531 4998 sed
1562 4935 1671 4998 omnia
1699 4935 1826 5016 integra

153 5035 383 5090 conserventur
406 5047 528 5102 eorum,
560 5048 620 5108 pro
644 5047 783 5108 quorum
811 5026 1047 5107 gubernatione
1078 5046 1235 5088 concessa
1264 5034 1346 5100 sunt,
1377 5025 1489 5089 usibus
1520 5024 1719 5088 omnimodis
1751 5044 1824 5106 pro-

153 5116 267 5192 futura,
297 5116 387 5178 salva
410 5117 440 5178 in
464 5116 615 5179 omnibus
639 5115 819 5197 apostolice
842 5116 929 5177 sedis
953 5117 1157 5179 auctoritate.
1203 5112 1327 5194 Siqua
1359 5117 1456 5197 igitur
1485 5117 1517 5177 in
1546 5113 1689 5176 futurum
1722 5113 1825 5176 eccle·

153 5207 280 5269 siastica
308 5205 504 5268 secularisve
535 5225 690 5287 persona,
727 5203 810 5266 hanc
842 5211 952 5266 nostre
983 5205 1222 5267 constitutionis
1253 5207 1405 5287 paginam
1444 5205 1568 5279 scienS,
1605 5210 1720 5265 contra
1751 5221 1824 5265 eam

152 5303 275 5359 temere
298 5295 405 5358 venire
436 5297 656 5378 temptaverit,
687 5294 833 5356 secundo
862 5295 1002 5355 tertiove
1033 5294 1240 5368 commonita,
1271 5295 1298 5354 si
1329 5313 1395 5355 non
1425 5293 1646 5356 satisfactione
1679 5311 1824 5374 congrua

153 5385 383 5459 emendaverit,
408 5384 579 5467 potestatis
602 5383 801 5464 honorisque
816 5384 864 5444 sui
880 5383 1039 5464 dignitate
1064 5390 1173 5445 careat
1196 5401 1351 5463 reamque
1367 5403 1403 5445 se
1419 5383 1530 5446 divino
1545 5382 1665 5444 iudicio
1683 5383 1823 5445 existere

151 5474 194 5536 de
217 5482 405 5557 perpetrata
427 5475 596 5555 iniquitate
620 5479 806 5556 cognoscat,
830 5480 863 5534 et
885 5492 905 5534 a
927 5473 1145 5534 sacratissimo
1169 5491 1311 5554 corpore
1334 5493 1372 5535 ac
1395 5473 1554 5555 sanguine
1570 5471 1625 5536 dei
1641 5479 1676 5534 et
1691 5471 1823 5545 domini,

157 5588 286 5599 μη,-

309 5635 335 5701 a)
354 5591 514 5701 petitionibus
532 5591 590 5701 Rrg.
612 5633 726 5683 Parvum
798 5631 825 5698 b)
844 5632 869 5682 in
941 5632 965 5698 c)
984 5637 1009 5682 et
1029 5631 1104 5680 Peru.
1176 5631 1203 5699 d)
1221 5631 1342 5686 hortatur.
