3974 6188
241 278 287 341 90

243 452 326 514 siam
349 449 452 513 sancti
474 448 560 511 Petri
585 447 627 510 de
649 447 821 522 Lavenna;
845 447 878 509 in
902 446 1096 528 episcopatu
1120 445 1360 510 Mediolanensi
1372 444 1397 529 ¹)
1420 447 1593 510 ecclesiam
1616 450 1719 513 sancti
1737 449 1848 514 Severi
1873 450 1915 511 de

244 539 428 615 Cresciano,
460 537 631 602 ecclesiam
662 546 775 600 sancte
798 537 918 599 iuliane
951 534 993 598 de
1022 535 1168 600 Carzano
1198 543 1232 598 et
1262 536 1366 599 sancti
1399 534 1531 599 Martini
1563 538 1605 600 de
1628 538 1851 616 Gerenciano;
1882 539 1916 601 in

243 631 436 711 episcopatu
470 627 622 709 Papiensi
647 622 673 709 ²)
707 626 790 689 inira
824 646 934 689 muros
966 624 1105 707 predicti
1132 628 1160 706 ει)
1195 625 1383 689 monasterii
1419 626 1591 689 ecclesiam
1631 631 1735 692 sancti
1770 628 1916 703 Andree,

245 719 417 782 ecclesiam
447 717 552 781 sancti
582 716 731 797 Georgii,
771 715 944 778 ecclesiam
973 724 1162 778 sanctorum
1193 716 1340 778 Faustini
1376 724 1409 777 et
1439 715 1572 792 lovitte,
1605 718 1778 782 ecclesiam
1810 717 1916 781 sancti

244 807 391 884 Adriani,
416 807 587 870 ecclesiam
610 814 722 869 sancte
738 804 863 886 Sophie
887 825 961 866 cum
985 805 1138 868 omnibus
1161 805 1205 867 ad
1228 805 1317 867 illam
1333 805 1580 886 pertinentibus,
1604 807 1637 869 iu
1661 817 1767 870 castro
1782 808 1916 870 Pavone

246 897 327 960 duas
358 897 512 960 ecclesias
543 896 576 958 in
608 895 733 957 honore
761 894 851 956 beati
879 894 1048 957 Michaelis
1080 904 1113 957 et
1144 894 1208 956 alia
1238 895 1271 956 in
1303 894 1429 957 honore
1459 894 1548 957 beati
1578 894 1746 973 Germani,
1778 897 1811 959 in
1842 895 1917 958 villa

244 988 352 1049 Rasca
376 986 536 1068 capellam
559 984 663 1047 sancti
680 982 882 1059 Christosori,
907 983 1078 1046 ecclesiam
1102 984 1207 1046 sancti
1223 983 1378 1046 Damiani
1396 982 1435 1062 b),
1460 984 1633 1047 ecclesiam
1654 988 1758 1050 sancti
1775 986 1915 1060 Nazarii,

245 1078 277 1139 in
292 1075 469 1138 Lardiraco
491 1075 651 1157 capellam
672 1074 775 1136 sancti
792 1072 938 1137 Gervasii
962 1082 995 1135 et
1017 1072 1191 1135 ecclesiam
1212 1073 1316 1136 sancti
1332 1072 1481 1149 Zenonis,
1506 1074 1539 1135 in
1553 1074 1740 1139 Pascarolio
1760 1074 1791 1159 c)
1813 1075 1918 1138 eccle·

244 1166 329 1228 siam
349 1166 453 1228 sancti
476 1163 663 1246 Augustini.
701 1176 816 1227 Obeunte
834 1192 896 1226 vero
918 1183 952 1240 te,
976 1191 1040 1226 nunc
1067 1177 1179 1226 eiusdem
1203 1176 1254 1226 loci
1272 1177 1377 1240 abbate,
1405 1178 1446 1227 vel
1471 1184 1569 1228 tuorum
1597 1181 1708 1245 quolibet
1735 1195 1917 1241 successorum,

244 1271 323 1320 nullus
340 1270 375 1319 ibi
393 1269 505 1335 qualibet
522 1268 685 1333 surreptionis
703 1267 797 1316 astucia
816 1281 859 1315 seu
878 1264 998 1314 violentia
1015 1272 1176 1329 preponatur,
1196 1265 1245 1314 nisi
1262 1281 1337 1330 quem
1356 1265 1443 1315 iratres
1461 1268 1587 1317 communi
1611 1283 1734 1319 consensu
1756 1270 1798 1318 vel
1815 1268 1918 1317 fratrum

244 1374 303 1423 pars
325 1358 424 1408 consilii
446 1357 550 1407 sanioris
574 1356 710 1405 secundum
734 1355 777 1404 dei
795 1355 912 1403 timorem
930 1360 955 1402 et
974 1353 1041 1403 beati
1058 1353 1189 1402 Benedicti
1215 1354 1328 1418 regulam
1354 1353 1509 1418 providerint
1534 1356 1690 1420 eligendum
1717 1357 1812 1408 electus
1835 1364 1918 1407 autem

244 1446 278 1496 ad
295 1447 436 1497 Romanum
460 1444 606 1512 pontificem
632 1444 816 1495 consecrandus
840 1441 953 1496 accedat.
991 1442 1122 1505 Chrisma,
1149 1443 1233 1492 oleum
1251 1448 1376 1504 sanctum,
1402 1443 1606 1494 consecrationes
1630 1446 1743 1496 altarium
1768 1462 1813 1496 seu
1832 1445 1918 1495 basili·

245 1552 341 1599 carum,
370 1535 539 1585 ordinationes
565 1534 745 1583 monachorum
767 1549 811 1583 seu
835 1532 1011 1582 canonicorum
1038 1537 1191 1594 vestromm,
1219 1531 1261 1595 qui
1290 1530 1322 1579 ad
1347 1546 1433 1580 sacros
1457 1532 1547 1582 luerint
1575 1533 1676 1584 ordines
1699 1535 1877 1600 promovendi,
1903 1549 1919 1583 a

245 1639 403 1690 quocumque
420 1623 564 1686 malueritis,
584 1622 709 1673 catholico
727 1622 867 1688 suscipiatis
885 1621 1015 1686 episcopo,
1040 1619 1164 1685 siquidem
1183 1621 1288 1686 gratiam
1306 1620 1445 1684 apostolice
1464 1621 1531 1671 sedis
1549 1621 1670 1673 habuerit.
1707 1625 1799 1674 Missas
1817 1636 1918 1690 quoque

244 1713 357 1777 publicas
374 1713 400 1761 in
418 1711 510 1762 eodem
529 1710 682 1760 monasterio
701 1710 822 1759 celebrari
841 1716 882 1758 aut
899 1710 1032 1759 stationem
1051 1716 1092 1760 ant
1111 1710 1233 1774 synodum
1252 1709 1294 1758 vel
1312 1709 1496 1759 ordinationem
1521 1711 1631 1776 aliquam
1654 1719 1739 1776 preter
1763 1713 1918 1763 voluntatem

245 1802 342 1852 abbatis
367 1802 400 1851 ab
423 1801 545 1866 episcopo
572 1801 684 1865 quolibet
708 1799 763 1849 fieri
786 1799 956 1865 probibemus.
995 1798 1036 1848 Ad
1061 1799 1110 1848 hec
1128 1799 1238 1863 presenti
1265 1798 1374 1863 capitulo
1392 1798 1530 1848 adicientes
1547 1800 1690 1864 dalmatice,
1718 1802 1799 1865 mitre,
1828 1801 1918 1850 sanda·

245 1891 342 1952 liorum,
368 1906 416 1939 nec
437 1905 489 1940 non
516 1889 697 1939 cirothecamm
723 1904 801 1952 usum,
829 1894 854 1937 et
877 1889 941 1937 inter
966 1887 1132 1937 itinerandum
1157 1887 1256 1952 insigne
1279 1886 1418 1936 tintinabuli
1439 1887 1483 1937 tibi
1510 1888 1606 1953 tuisque
1632 1889 1818 1940 successoribus
1845 1897 1870 1939 et
1893 1890 1918 1938 in

245 1978 376 2044 sepedicto
398 1978 551 2027 monasterio
576 1977 726 2042 baptismum
744 1976 770 2024 in
788 1977 884 2040 pascali
907 1976 1092 2041 sollempnitate
1119 1992 1165 2041 per
1188 1975 1313 2025 subiectos
1331 1975 1404 2024 vobis
1423 1975 1530 2025 clericos
1549 1975 1603 2025 fieri
1620 1976 1687 2026 iuxta
1709 1977 1919 2042 predecessorum

246 2072 387 2116 nostrorum
406 2072 496 2117 statuta
514 2065 684 2128 concedimus,
704 2064 789 2129 sicque
809 2063 841 2112 ab
859 2064 926 2113 omni
939 2065 998 2129 iugo
1011 2079 1054 2115 seu
1073 2063 1167 2113 ditione
1187 2063 1386 2129 cuius(cum)que
1405 2079 1513 2128 persone
1531 2070 1640 2114 vestrum
1659 2064 1792 2115 cenobium
1810 2065 1918 2116 liberum

245 2170 391 2219 permanere
409 2155 542 2216 sancimuS,
560 2160 586 2203 ut
603 2153 651 2203 soli
669 2158 755 2201 sancte
773 2152 887 2201 Romane
906 2159 930 2201 et
948 2153 1088 2217 apostolice
1107 2151 1223 2202 ecclesie,
1234 2151 1358 2201 subditum
1376 2151 1505 2202 habeatur.
1540 2152 1707 2202 Decemimus
1725 2167 1796 2217 ergo,
1813 2159 1840 2202 ut
1857 2153 1919 2202 nulli

247 2244 350 2292 omnino
368 2244 498 2294 homiuum
517 2243 599 2305 liceat,
619 2240 819 2306 prenominatum
837 2241 1016 2290 monasterium
1031 2247 1127 2290 temere
1145 2239 1299 2304 perturbare,
1324 2244 1366 2288 aut
1384 2240 1436 2289 eius
1453 2240 1630 2305 possessiones
1648 2241 1746 2291 auferre
1763 2242 1804 2291 vel
1823 2241 1919 2290 ablatas

245 2331 361 2394 retinere,
386 2331 497 2381 minuere
515 2330 539 2397 u)
559 2336 600 2379 aut
623 2328 745 2394 aliquibus
769 2327 941 2378 vexationibus
964 2329 1084 2396 fatigare,
1111 2328 1157 2379 sed
1183 2328 1267 2377 omnia
1293 2328 1391 2393 integra
1416 2335 1594 2380 conserventur
1621 2345 1721 2394 eornm,
1747 2344 1795 2394 pro
1812 2345 1920 2395 qnorum

246 2419 426 2483 gubernatione
454 2426 478 2468 et
505 2417 683 2468 sustentatione
711 2432 832 2466 concessa
850 2423 913 2480 sunt,
941 2417 1025 2467 usibus
1053 2416 1204 2468 omnimodis
1230 2417 1371 2481 profutura,
1399 2419 1469 2468 salva
1497 2419 1522 2468 in
1549 2419 1663 2469 omnibus
1687 2420 1827 2485 apostolice
1851 2419 1920 2469 sedis

247 2507 399 2557 auctoritate.
436 2507 463 2557 si
481 2522 530 2572 qua
548 2507 622 2573 igitur
640 2506 667 2555 in
685 2505 788 2555 tutumm
810 2505 982 2554 ecclesiastica
999 2506 1150 2555 secularisve
1168 2519 1286 2569 persona,
1304 2505 1370 2555 hauc
1388 2512 1473 2556 nostre
1492 2506 1674 2556 constitutionis
1690 2508 1810 2572 paginam
1828 2508 1920 2570 sciens,

247 2601 334 2644 contra
352 2610 409 2644 eam
427 2602 522 2644 temere
540 2595 627 2645 venire
645 2591 811 2658 temptaverit,
838 2592 948 2641 secundo
973 2593 1084 2643 terciove
1104 2591 1264 2655 commonita,
1289 2593 1311 2641 si
1334 2609 1386 2642 non
1411 2594 1580 2644 satisfactione
1599 2610 1711 2661 congrua
1737 2595 1920 2659 emendaverit,

247 2684 377 2749 potestatis
400 2683 554 2748 honorisque
579 2683 616 2733 sui
639 2688 723 2732 careat
749 2680 870 2745 dignitate
888 2685 911 2745 ο)
937 2697 1056 2746 reamque
1079 2697 1107 2730 se
1131 2680 1217 2729 divino
1240 2680 1332 2729 iudicio
1357 2681 1463 2732 existere
1489 2683 1521 2732 de
1545 2691 1687 2749 perpetrata
1710 2685 1841 2751 iniquitate
1859 2699 1920 2749 cog·

247 2778 342 2836 noscat,
368 2779 392 2822 et
410 2789 426 2821 a
443 2772 612 2822 sacratissimo
640 2785 745 2837 corpore
767 2785 797 2819 ac
815 2768 840 2834 s)
865 2769 984 2834 sanguine
1012 2768 1054 2819 dei
1079 2776 1103 2818 et
1121 2768 1232 2834 domini,
1260 2768 1427 2834 redemptoris
1451 2771 1528 2820 nostri
1551 2772 1607 2822 Iesu
1633 2773 1733 2836 Christi,
1761 2773 1843 2823 aliena
1867 2772 1920 2835 fiat,

248 2870 321 2928 atque
339 2862 365 2910 iu
384 2867 496 2910 extremo
514 2859 628 2909 examine
647 2859 758 2908 districte
777 2858 865 2908 ultioni
883 2858 1018 2907 subiaceat.
1056 2856 1158 2907 Cunctis
1183 2864 1274 2920 autem,
1299 2857 1382 2906 eidem
1407 2859 1466 2908 loco
1489 2875 1533 2909 sna
1551 2860 1603 2910 iura
1630 2862 1793 2924 servantibus,
1822 2863 1853 2911 sit
1870 2877 1921 2927 pax

248 2951 343 3001 domini
362 2950 440 2999 nostri
457 2948 515 2999 Iesu
534 2948 633 3010 Christi,
658 2949 772 3014 quatinus
791 2947 874 2996 ethic
892 2946 997 2995 fructum
1015 2945 1082 2994 bone
1109 2945 1215 2995 actionis
1237 2947 1377 3012 percipiant
1403 2954 1427 2996 et
1450 2950 1516 3013 apud
1540 2950 1676 3001 districtum
1693 2951 1803 3001 iudicem
1822 2951 1921 3014 premia

248 3044 334 3088 eterne
352 3038 422 3103 pacis
441 3037 575 3087 inveniant.
611 3037 702 3086 Amen.
739 3037 829 3086 Amen.
866 3036 958 3085 Amen.

529 3123 574 3189 (R)
593 3125 651 3189 Ego
669 3125 797 3189 Eugenius
815 3122 939 3173 catholice
959 3121 1068 3172 ecclesie
1088 3122 1222 3188 episcopus
1241 3140 1275 3174 ss.
1293 3123 1352 3190 (Μ).

528 3215 543 3276 †
560 3212 618 3277 Ego
637 3211 769 3262 Hubaldus
786 3212 909 3277 presbiter
927 3211 1061 3260 cardinalis
1078 3210 1116 3260 tit.
1135 3217 1219 3261 sancte
1237 3213 1370 3263 Prascedis
1389 3230 1421 3263 ss.

529 3303 544 3364 †
562 3301 620 3366 Ego
638 3299 769 3350 liuboldus
786 3299 909 3364 presbiter
927 3299 1060 3348 cardinalis
1077 3299 1114 3348 tit.
1133 3299 1212 3349 sancti
1230 3299 1349 3350 iohannis
1366 3308 1391 3351 et
1410 3302 1480 3352 Pauli
1499 3317 1532 3351 ss.

528 3391 543 3452 τ
561 3388 619 3453 Ego
637 3388 714 3453 Hugo
732 3387 857 3452 presbiter
875 3386 1009 3436 cardinalis
1028 3388 1064 3437 tit.
1083 3387 1109 3436 in
1127 3387 1222 3438 Lucina
1240 3403 1272 3439 ss.

529 3481 544 3542 †
561 3478 619 3544 Ego
637 3477 758 3528 lordanus
776 3476 901 3541 presbiter
918 3475 1051 3525 cardinalis
1069 3476 1105 3526 tit.
1125 3483 1210 3527 sancte
1229 3478 1341 3528 Susanne
1361 3493 1392 3527 ss.

527 3567 542 3628 †
559 3565 617 3630 Ego
634 3564 711 3614 Oddo
728 3565 848 3615 diaconus
868 3563 1000 3614 cardinalis
1018 3564 1097 3613 sancti
1116 3564 1221 3630 Georgii
1239 3566 1272 3615 ad
1290 3566 1381 3615 Velum
1399 3579 1499 3614 aureum
1517 3581 1549 3615 ss.

528 3657 544 3717 t
561 3654 618 3718 Ego
636 3653 760 3704 Iohannes
778 3669 876 3719 paparo
895 3653 1015 3702 diaconus
1034 3652 1167 3702 cardinalis
1185 3655 1264 3704 sancti
1282 3654 1386 3703 Adriani
1405 3670 1437 3703 ss.

408 3743 468 3793 Dat.
487 3741 621 3806 Cremone,
641 3759 687 3808 per
705 3759 806 3793 manum
825 3741 956 3803 Gnidonis,
981 3748 1068 3790 sancte
1086 3743 1201 3792 Romane
1220 3742 1329 3792 ecclesie
1347 3742 1448 3792 diaconi
1467 3742 1601 3792 cardinalis
1620 3750 1644 3792 et
1667 3743 1818 3793 cancellarii.
1854 3742 1922 3794 Non.

248 3832 294 3882 lul.
329 3831 470 3880 Indictione
489 3842 525 3883 x1.
562 3829 744 3880 incarnationis
768 3829 894 3880 dominice
923 3844 988 3878 anno
1006 3841 1139 3879 uchvrn.
1178 3830 1339 3881 Pontificatus
1364 3846 1425 3881 vero
1445 3829 1531 3880 domni
1550 3830 1657 3896 Eugenii
1675 3842 1706 3880 111
1723 3846 1767 3895 pp.
1786 3846 1852 3879 anno
1872 3844 1921 3882 1111.

332 4001 338 4015 θ
408 3927 532 3994 Abscknfl
557 3944 612 3977 vom
633 3929 665 3979 13
694 3927 787 3993 Jatre.
815 3929 855 3978 des
880 3926 1017 3993 Registnem
1044 3944 1160 3994 magmem
1184 3936 1209 3992 p.
1234 3931 1295 3989 264,
1317 3937 1427 3994 parvum
1443 3936 1469 3993 p.
1489 3929 1548 3988 185,
1575 3929 1609 3977 im
1635 3928 1749 3979 Archivr'o
1773 3928 1924 3996 Maeuianae

249 4019 278 4051 ω
306 4002 439 4122 namq,
457 4071 576 4120 Manae
594 4072 635 4120 aa
658 4070 696 4120 ar
719 4073 793 4122 rauce
814 4069 883 4119 naen
903 4071 1004 4134 ausen
1027 4077 1076 4120 me
1091 4071 1125 4120 on
1144 4072 1236 4121 rm
1255 4071 1295 4120 ees
1312 4071 1493 4136 napinam
1515 4072 1660 4138 tegimenue
1677 4072 1848 4136 sarpanas..
1865 4076 1923 4139 aas·

248 4142 367 4195 meruah
388 4143 528 4210 gewordem
555 4160 582 4192 so
606 4144 662 4193 dass
686 4143 724 4192 ich
748 4143 814 4193 nicht
830 4159 860 4191 au
883 4158 955 4208 sagm
973 4158 1087 4209 verneng,
1114 4143 1141 4191 ob
1165 4143 1233 4192 nicht
1249 4143 1286 4192 die
1303 4143 1340 4192 bei
1355 4143 1398 4192 der
1413 4144 1511 4209 veregen
1530 4144 1650 4193 Nummer
1672 4143 1823 4208 besprochene
1840 4145 1923 4194 Nach-

247 4217 361 4282 br'ldung,
388 4217 425 4266 die
448 4216 548 4281 Vorlage
564 4232 594 4263 ru
617 4215 693 4265 dieser
708 4215 834 4279 Abschrift
856 4230 962 4280 gervesen
979 4213 1017 4275 ist,
1046 4215 1101 4262 und
1121 4214 1166 4263 das
1183 4214 1272 4280 dortige
1290 4214 1423 4263 Nahum
1439 4215 1534 4264 deshalb
1559 4215 1639 4264 hiber
1656 4216 1748 4281 gehdrt.
1786 4217 1856 4266 Auci
1875 4233 1922 4266 von

247 4289 293 4337 den
309 4288 389 4337 beiden
406 4289 462 4337 oben
480 4288 640 4353 angegebenen
656 4287 811 4352 Abschnstm
829 4287 897 4335 weiss
912 4285 950 4334 ich
968 4285 1041 4346 nicht,
1060 4302 1090 4334 au
1107 4286 1209 4336 welcher
1230 4287 1328 4350 Gmppe
1345 4286 1378 4335 rie
1391 4287 1517 4353 gereehnet
1533 4287 1629 4336 werden
1645 4291 1749 4337 eniissen.

1006 4571 1073 4646 Nr.
1104 4577 1166 4648 89.

249 4703 366 4790 Eugen
383 4703 447 4766 III
469 4704 587 4768 nimmt
606 4704 661 4767 die
687 4681 809 4768 Kirclze
832 4702 920 4768 Sani
942 4705 1051 4788 Agata
1082 4705 1121 4768 di
1147 4705 1303 4769 Cremona
1332 4704 1367 4768 in
1390 4704 1619 4788 apostolziclten
1643 4704 1760 4769 Sclmta
1783 4706 1854 4769 und
1875 4705 1923 4769 be·

723 4795 837 4876 stutgt
861 4793 932 4857 ihre
958 4793 1060 4858 Griter
1081 4794 1151 4858 und
1173 4794 1396 4858 Gerechtsame
1411 4796 1447 4877 ⁸).

865 4930 950 4991 1148
971 4926 1053 5003 Juli
1071 4932 1120 4992 16.
1167 4926 1308 4992 Bresce'a.

408 5059 572 5142 Eugenius
595 5063 781 5144 episcopus,
811 5082 923 5125 servus
953 5082 1121 5126 servorum
1144 5063 1197 5125 dei
1216 5066 1258 5140 s),
1282 5064 1407 5127 dilectis
1430 5063 1502 5127 liliis
1524 5062 1718 5139 Laniranco,
1751 5067 1923 5148 preposito

249 5149 386 5213 ecclesie
409 5159 521 5214 sancte
544 5149 703 5232 Agathes‚
728 5170 792 5231 que
808 5152 970 5216 Cremona
992 5153 1053 5216 sita
1076 5160 1134 5229 est,
1158 5153 1291 5234 eiusque
1315 5153 1476 5229 iratribus,
1504 5161 1571 5216 tarn
1595 5154 1800 5235 presentibus
1824 5174 1923 5235 quarn

248 5239 371 5313 futuris,
387 5240 578 5302 canonicam
595 5242 696 5304 vitam
714 5239 867 5322 professis
880 5255 919 5304 ΙΝ
930 5254 1007 5303 PPM.
1028 5237 1033 5324 Ι
1055 5242 1216 5322 Quotiens
1231 5243 1311 5305 illud
1327 5265 1346 5305 a
1362 5244 1456 5307 nobis
1472 5245 1603 5326 petitur,
1618 5243 1709 5322 quod
1726 5242 1873 5325 religioni
1893 5242 1923 5328 h)

251 5337 284 5391 et
307 5328 471 5392 honestati
499 5332 672 5393 convenire
703 5330 891 5405 dinoscitur,
921 5332 1031 5393 animo
1063 5350 1123 5392 nos
1146 5331 1244 5393 decet
1265 5331 1378 5396 libenti
1402 5333 1584 5396 concedere
1607 5340 1642 5395 et
1663 5335 1846 5414 petentium
1869 5334 1923 5396 de·

250 5462 380 5471 ——-.·.-.
390 5466 428 5471 —
448 5466 453 5471 .
463 5466 560 5471 ..-—-.—..
582 5465 672 5471 ..-----<

408 5525 434 5591 a)
453 5524 514 5573 dicti
532 5525 565 5573 II
654 5525 681 5590 b)
703 5532 727 5574 et
745 5525 880 5575 ecclesiam
898 5525 932 5574 ΙΙ
1011 5529 1035 5592 c)
1054 5527 1193 5576 Piscarolio
1213 5528 1248 5590 II,
1266 5529 1409 5578 Pascarolio
1493 5530 1520 5594 d)
1531 5527 1601 5593 fehlt
1617 5528 1680 5578 inl
1758 5531 1784 5595 e)
1804 5529 1922 5595 dignitate

249 5596 452 5732 {axatffilldffl
468 5597 542 5719 323
557 5596 577 5643 J
663 5598 691 5664 g)
711 5597 761 5646 dile
857 5597 886 5663 h)
907 5598 931 5645 io
949 5597 1001 5663 nus
1014 5600 1106 5649 Rasur.
1124 5630 1175 5644 -a
1197 5600 1233 5666 .r)
1251 5599 1356 5652 Milone.
1439 5602 1466 5668 2)
1487 5601 1573 5651 Pavia.
1657 5603 1685 5668 3)
1709 5600 1787 5688 l'ergl.
1806 5602 1845 5650 die
1865 5599 1923 5650 Uri.
