3974 6188
995 452 1062 532 ΝΥ.
1085 462 1146 533 69.

232 589 346 672 Eugen
363 587 427 653 III
443 589 592 670 bestdtigt
609 587 682 651 dem
698 587 777 651 Abte
800 587 912 651 Albert
932 610 996 652 von
1011 589 1080 653 San
1104 590 1242 652 Lorerezo
1263 587 1377 652 dAsso
1400 587 1458 669 (D.
1482 587 1829 673 Pienea·Montolcino)
1853 589 1912 653 die

233 678 469 743 Besr'trtln'e'mer
499 678 568 741 und
586 676 699 762 sreies
730 677 1007 758 dufnalrmereclrt
1034 679 1140 743 seines
1173 676 1335 756 Klosters,
1372 676 1506 741 welches
1537 698 1576 740 er
1604 680 1638 742 in
1674 678 1910 762 apostolisclren

433 767 550 831 Sckutr
572 765 690 831 nr'rnrnt
710 766 762 830 bei
781 765 970 851 Jitlerlr'clrer
991 767 1149 850 Zahlung
1169 789 1230 831 von
1252 768 1334 830 eruei
1353 764 1464 830 Solidr'
1484 766 1700 833 Luccleesr'sch.

803 905 886 965 1145
903 901 1083 966 November
1096 904 1146 965 17.
1202 899 1335 965 Viterbo.

391 1033 556 1117 Eugenius
572 1035 757 1119 episcopus,
780 1057 892 1101 servus
909 1057 1076 1100 servorum
1094 1036 1156 1112 dei,
1181 1033 1307 1098 dilectis
1323 1034 1398 1098 filiis
1414 1033 1565 1111 Alberto,
1584 1034 1698 1099 abbati
1715 1038 1907 1100 monasterii

232 1126 334 1187 sancti
351 1124 525 1199 Laurentii,
549 1127 640 1187 iuxta
663 1125 805 1203 fluvium,
830 1127 919 1208 quod
935 1127 1029 1189 Anso
1045 1127 1171 1200 dicitur,
1194 1124 1256 1200 siti,
1280 1127 1417 1206 eiusque
1433 1123 1593 1200 fratribus,
1615 1135 1684 1188 tam
1700 1127 1909 1208 presentibus

234 1234 331 1296 quam
356 1213 479 1289 futuris,
507 1214 689 1296 regularem
713 1217 814 1279 vitam
838 1215 995 1298 professis
1018 1231 1055 1278 ΙΝ
1079 1229 1156 1277 ΡΡΜ.
1178 1249 1221 1259 -
1243 1211 1247 1296 Ι
1267 1215 1302 1277 ln
1326 1214 1509 1302 apostolice
1531 1214 1619 1277 sedis
1642 1217 1810 1298 regimine,
1840 1217 1908 1279 dis·

232 1312 375 1385 ponente
407 1304 558 1379 domino,
591 1307 759 1368 constituti
798 1324 932 1369 necesse
963 1304 1137 1379 habemus,
1174 1302 1307 1386 singulis
1339 1303 1485 1392 ecclesiis
1516 1312 1655 1385 paterna
1686 1306 1908 1370 sollicitudine

232 1394 407 1475 providere
437 1402 470 1455 et
501 1394 591 1455 iustis
622 1397 805 1475 petentium
835 1396 920 1459 votis
952 1394 1131 1457 clementer
1162 1412 1312 1455 annuere.
1359 1393 1463 1456 Huius
1495 1395 1540 1456 rei
1562 1393 1566 1473 Ι
1587 1396 1699 1476 gratia,
1729 1394 1842 1459 dilecti
1874 1397 1906 1458 in

232 1483 369 1545 domino
400 1480 465 1558 filii,
496 1483 765 1563 predecessorum
799 1492 993 1561 nostrorum,
1023 1483 1126 1547 felicis
1154 1482 1310 1568 memorie
1334 1482 1565 1562 CELEST1N11)
1596 1491 1630 1546 et
1651 1483 1755 1548 LUCII
1771 1486 1807 1564 ¹),
1837 1486 1905 1549 Ro·

233 1592 404 1635 manorum
420 1569 620 1654 pontificum,
636 1575 782 1655 vestigiis
798 1572 994 1650 inherentes,
1009 1575 1124 1636 vestris
1140 1572 1230 1634 iustis
1247 1571 1520 1654 postulationibus
1532 1571 1710 1636 clementer
1725 1577 1907 1654 annuimus,

232 1670 266 1724 et
295 1658 457 1744 prelatum
488 1661 576 1723 beati
604 1660 805 1725 LAURENTH
837 1665 1080 1738 monasterium,
1114 1664 1146 1724 in
1178 1683 1244 1743 quo
1277 1662 1387 1724 divino
1419 1662 1595 1744 mancipati
1627 1663 1705 1726 estis
1736 1665 1908 1745 obsequio,

231 1751 293 1813 sub
317 1751 405 1813 beati
428 1750 536 1813 PETRI
567 1758 600 1813 et
629 1760 740 1814 nostra
773 1755 979 1834 protectione
1009 1753 1213 1833 suscipimus,
1244 1758 1277 1813 et
1300 1751 1459 1832 presentis
1481 1753 1595 1833 scripti
1619 1753 1792 1836 privilegio
1816 1775 1906 1820 corn-

232 1840 402 1903 munimus.
447 1837 645 1915 Statuentes,
670 1850 704 1903 ut
727 1861 951 1922 quascumque
975 1841 1207 1924 possessiones,
1231 1860 1438 1922 quecumque
1458 1840 1546 1904 bona
1567 1841 1654 1904 idem
1672 1845 1906 1920 monasterium

232 1931 263 1992 in
295 1929 529 2011 presentiarum
560 1929 643 1992 iuste
675 1938 708 1992 et
739 1932 894 1994 canonice
925 1931 1085 2013 possidet,
1123 1938 1179 1992 aut
1211 1931 1243 1992 in
1276 1930 1419 1993 futurum
1454 1933 1668 1994 concessione
1701 1933 1906 2015 pontificum,

230 2017 401 2101 largitione
424 2039 537 2101 regum
560 2017 612 2082 vel
635 2020 828 2102 principum,
860 2021 1027 2084 oblatione
1058 2018 1204 2082 fidelium
1237 2038 1294 2082 seu
1318 2018 1387 2081 aliis
1410 2021 1501 2082 iustis
1524 2019 1633 2083 modis
1664 2021 1729 2085 deo
1760 2025 1907 2107 propitio

232 2110 353 2190 poterit
377 2108 520 2190 adipisci,
544 2107 637 2171 firma
659 2109 755 2171 vobis
778 2111 961 2192 vestrisque
984 2110 1227 2173 successoribus
1251 2117 1284 2170 et
1308 2107 1432 2171 illibata
1455 2119 1677 2189 permaneant.
1721 2112 1756 2174 In
1788 2113 1906 2195 quibus

231 2197 293 2261 hec
316 2198 456 2280 propriis
478 2198 633 2261 duximus
656 2200 871 2280 exprimenda
893 2199 1077 2262 vocabulis:
1118 2196 1285 2261 ecclesiam
1310 2206 1421 2285 sancte
1444 2196 1612 2262 Trinitatis
1635 2200 1678 2262 de
1702 2195 1838 2287 [Or]gia,
1873 2213 1907 2268 et

231 2286 429 2368 hospitalem
453 2288 589 2350 domum
615 2288 761 2351 eiusdem
793 2289 857 2351 loci
890 2308 964 2351 cum
998 2288 1148 2352 omnibus
1179 2290 1245 2350 suis
1278 2287 1488 2369 pertinentiis,
1519 2288 1692 2374 ecclesiam
1725 2291 1768 2354 de
1792 2302 1907 2357 monte

231 2374 296 2439 Sizi
320 2397 394 2439 cum
419 2375 571 2439 omnibus
593 2379 660 2439 suis
675 2379 887 2459 pertinentiis
910 2387 943 2441 et
965 2379 1054 2457 quod
1071 2378 1154 2441 iuste
1169 2376 1285 2439 tenetis
1301 2378 1333 2438 in
1349 2375 1487 2463 ecclesia
1507 2378 1549 2440 de
1565 2374 1707 2455 Stiliano,
1731 2380 1904 2468 ecclesiam

231 2467 274 2530 de
297 2466 433 2530 Modani
456 2486 530 2528 cum
556 2467 708 2529 omnibus
731 2469 798 2530 suis
821 2468 1031 2550 pertinentiis,
1055 2476 1195 2530 castrum
1219 2467 1263 2529 de
1284 2464 1430 2529 Civitella
1459 2488 1533 2529 cum
1556 2469 1623 2530 suis
1645 2471 1846 2551 appenditiis
1870 2481 1905 2536 et

232 2575 304 2619 cum
321 2556 450 2619 duabus
461 2554 608 2642 ecclesiis
624 2556 656 2618 in
671 2555 744 2639 ipso
757 2558 962 2631 constructis,
978 2556 1149 2643 ecclesiam
1161 2554 1316 2619 videlicet
1327 2556 1430 2619 sancti
1440 2552 1625 2620 Sebastiani
1637 2557 1722 2622 infra
1733 2560 1904 2625 castellum

231 2644 382 2727 positam,
399 2644 568 2731 ecclesiam
586 2646 688 2708 sancti
705 2648 835 2709 Martini
852 2655 945 2709 extra
960 2644 1131 2709 castellum
1147 2646 1252 2721 sitam,
1269 2646 1350 2709 duas
1368 2645 1533 2727 portiones
1549 2646 1592 2709 de
1608 2647 1745 2712 castello
1762 2658 1796 2713 et
1811 2659 1905 2715 curte

232 2733 353 2797 Montis
367 2734 499 2809 Viridis,
524 2732 695 2797 ecclesiam
711 2737 754 2798 de
770 2733 926 2818 Signan0,
942 2743 975 2797 et
990 2743 1056 2798 tres
1071 2735 1241 2817 portiones
1257 2735 1359 2815 ipsius
1374 2733 1455 2823 ville,
1472 2734 1646 2822 ecclesiam
1661 2738 1763 2800 sancti
1779 2740 1904 2804 Donati

232 2843 305 2887 cum
322 2821 418 2886 rebus
433 2824 475 2886 ad
493 2825 598 2905 ipsam
615 2824 950 2906 pertinentinentibus,
975 2824 1148 2887 ecclesiam
1160 2825 1264 2886 sancti
1280 2822 1503 2886 Bartholomei
1519 2825 1561 2887 de
1572 2825 1811 2909 Lampognano
1827 2850 1904 2893 cum

232 2915 304 2995 ipsa
326 2912 409 2988 villa,
435 2911 603 2999 ecclesiam
629 2917 732 2977 sancti
748 2915 912 2977 Anastasii
936 2921 969 2976 et
992 2915 1093 2994 ipsius
1116 2915 1212 2976 castri
1228 2913 1311 2975 duas
1327 2922 1446 2995 partes,
1462 2914 1632 3001 ecclesiam
1648 2917 1751 2979 sancti
1766 2915 1905 3007 Andree

232 3004 275 3065 de
290 2999 457 3066 Suvarella
480 3022 556 3065 cum
578 3003 648 3085 ipsa
666 3002 750 3079 villa,
774 3003 947 3091 ecclesiam
971 3004 1073 3066 sancti
1089 3001 1289 3065 LAURENTH
1306 3010 1340 3065 et
1362 3003 1511 3065 eiusdem
1534 3003 1654 3067 castelli
1678 3005 1759 3069 duas
1783 3017 1903 3091 partes.

232 3090 495 3155 Decimationem
510 3091 620 3155 allodii
643 3094 789 3157 eiusdem
813 3093 1008 3168 monasterii,
1033 3092 1121 3172 quod
1139 3093 1169 3154 in
1186 3089 1322 3154 Senensi
1341 3093 1532 3175 episcopatu
1548 3095 1646 3156 situm
1663 3103 1721 3170 est,
1745 3100 1904 3175 quemad·

233 3181 369 3244 modum
391 3201 411 3244 a
430 3178 630 3244 Senensibus
654 3183 827 3264 episcopis,
851 3183 939 3270 bone
963 3184 1121 3267 memorie
1144 3180 1289 3255 Iohanne
1306 3178 1332 3262 8)
1355 3180 1508 3244 videlicet
1531 3191 1564 3245 et
1586 3181 1731 3247 Radulso
1747 3185 1784 3270 ⁴),
1807 3188 1904 3251 vobis

232 3271 390 3334 canonice
406 3290 564 3334 concessa
578 3278 635 3346 est,
650 3273 798 3335 similiter
812 3271 1050 3335 confirmamus.
1090 3271 1309 3334 Concedimus
1326 3271 1422 3333 etiam
1438 3271 1541 3346 vobis,
1566 3279 1609 3347 ut,
1632 3274 1659 3335 si
1675 3272 1785 3356 aliqua
1800 3275 1904 3341 libera

232 3379 381 3442 persona,
401 3361 468 3423 slve
492 3362 524 3423 in
539 3362 605 3422 vita
619 3362 688 3423 sive
711 3363 742 3424 in
759 3370 874 3435 morte,
897 3369 1007 3424 vestro
1024 3361 1220 3423 monasterio
1243 3379 1279 3423 se
1294 3360 1444 3423 conferre
1459 3361 1607 3436 voluerit,
1631 3364 1812 3445 recipiendi
1828 3386 1903 3429 eam

232 3450 358 3530 absque
385 3448 521 3512 alicuius
549 3451 809 3513 contradictione
839 3451 975 3513 liberam
999 3448 1147 3512 habeatis
1171 3448 1366 3525 facultatem,
1397 3448 1488 3512 salvo
1519 3459 1630 3514 tamen
1660 3453 1728 3516 iure
1758 3458 1904 3520 matricis

231 3540 377 3626 ecclesie.
407 3537 464 3601 Ad
481 3538 634 3601 indicium
651 3548 761 3602 autem
786 3537 879 3602 huius
903 3561 922 3602 a
937 3539 1017 3601 sede
1033 3539 1216 3621 apostolica
1232 3547 1388 3626 percepte
1404 3541 1619 3620 protectionis
1644 3541 1729 3605 duos
1744 3542 1904 3608 Lucensis

231 3637 362 3715 monete
377 3627 500 3691 solidos
516 3627 610 3690 nobis
627 3629 809 3709 nostrisque
825 3628 1069 3692 successoribus
1085 3628 1267 3691 annualiter
1283 3626 1483 3710 persolvetis.
1522 3628 1738 3695 Decernimus
1754 3651 1844 3715 ergo,
1868 3643 1904 3698 ut

231 3716 307 3780 nulli
331 3719 467 3781 omnino
494 3716 663 3780 hominum
690 3716 800 3793 liceat,
828 3719 916 3781 idem
945 3718 1178 3780 monasterium
1216 3726 1340 3780 temere
1367 3715 1561 3799 perturbare
1595 3727 1651 3782 aut
1677 3723 1905 3802 possessiones

231 3807 358 3869 auferre
382 3804 433 3870 vel
456 3805 580 3869 ablatas
603 3807 749 3883 retinere,
773 3809 918 3870 minuere
941 3827 998 3870 seu
1023 3805 1222 3889 quibuslibet
1237 3806 1466 3870 vexationibus
1486 3806 1631 3889 fatigare,
1654 3811 1713 3873 sed
1731 3814 1841 3876 omnia
1857 3816 1905 3876 in·

230 3905 323 3978 tegra
343 3904 576 3959 conserventur
592 3916 714 3971 eorum,
731 3917 792 3980 pro
808 3917 947 3977 quorum
964 3896 1197 3978 gubernatione
1214 3905 1247 3958 et
1263 3898 1502 3959 sustentatione
1518 3917 1675 3961 concessa
1690 3908 1774 3976 sunt,
1791 3903 1904 3965 usibus

231 3987 428 4049 omnimodis
451 3985 628 4068 profutura,
651 3985 740 4049 salva
763 3987 850 4051 sedis
874 3986 1052 4073 apostolice
1075 3987 1267 4048 auctoritate
1290 3993 1324 4047 et
1347 3985 1596 4049 diocesanorum
1619 3991 1645 4066 ⁸)
1669 3990 1903 4074 episcoporum

231 4077 389 4138 canonica
411 4075 530 4137 iustitia
554 4083 587 4137 et
610 4079 799 4139 reverentia.
838 4073 873 4138 Si
890 4094 954 4155 qua
970 4077 1067 4157 igitur
1082 4075 1113 4137 in
1140 4074 1283 4139 sutorum
1308 4073 1526 4138 ecclesiastica
1542 4075 1736 4142 secularisve
1751 4099 1903 4162 persona,

231 4163 316 4227 hanc
349 4173 460 4251 nostre
495 4165 731 4228 constitutionis
763 4165 916 4247 paginam
947 4165 1064 4239 sciens,
1103 4173 1218 4227 contra
1249 4184 1322 4226 earn
1358 4173 1483 4228 temere
1515 4160 1653 4252 [venlire
1680 4173 1903 4252 temptaverit,

230 4256 376 4318 secundo
399 4255 539 4317 tertiove
562 4256 772 4329 commonita,
796 4256 903 4317 sinon
920 4253 1139 4317 satisfactione
1156 4274 1298 4336 congrua
1315 4254 1545 4331 emendaverit,
1569 4260 1741 4337 potestatis
1756 4256 1903 4325 honoris·

232 4363 297 4427 que
328 4345 377 4407 sui
401 4343 559 4425 dignitate
589 4351 699 4406 careat
729 4364 883 4424 reamque
916 4363 951 4406 se
983 4344 1094 4406 divino
1124 4344 1243 4406 iudicio
1277 4345 1419 4407 existere
1449 4344 1492 4406 de
1522 4353 1710 4427 perpetrata
1733 4349 1903 4430 iniquitate

231 4441 418 4516 cognoscat,
451 4441 483 4495 et
514 4453 533 4495 a
562 4434 782 4497 sacratissimo
813 4452 951 4516 corpore
984 4452 1022 4495 ac
1052 4435 1210 4515 sanguine
1241 4433 1295 4495 dei
1326 4441 1359 4495 et
1382 4433 1516 4509 domini,
1549 4434 1769 4519 redemptoris
1802 4440 1902 4503 nostri

229 4524 301 4586 Iesu
326 4521 453 4597 Christi,
485 4519 587 4585 aliena
615 4520 680 4598 fiat,
709 4531 809 4604 atque
832 4525 864 4585 in
888 4530 1038 4585 extremo
1062 4524 1214 4586 examine
1238 4522 1382 4610 districte
1406 4521 1520 4586 ultioni
1543 4524 1721 4589 subiaceat.
1768 4525 1903 4593 Cunctis

231 4620 349 4687 autem,
380 4611 488 4674 eidem
518 4610 592 4674 loco
617 4632 675 4675 sua
698 4612 767 4674 iura
789 4611 1007 4687 servantibus,
1028 4608 1033 4697 Ι
1053 4614 1095 4674 sit
1118 4633 1185 4693 pax
1213 4612 1339 4675 domini
1364 4613 1464 4675 nostri
1496 4614 1568 4675 lesu
1592 4613 1721 4693 Christi,
1751 4619 1903 4696 quatinus

232 4710 264 4764 et
298 4700 351 4763 hic
389 4701 527 4764 fructum
558 4701 645 4789 bone
678 4701 815 4765 actionis
846 4700 1029 4784 percipiant
1068 4709 1101 4765 et
1132 4713 1212 4784 aput
1242 4702 1427 4765 districtum
1460 4702 1600 4766 iudicem
1633 4705 1757 4787 premia
1792 4716 1903 4798 eterne

231 4792 322 4872 pacis
345 4791 515 4854 inveniant.
540 4826 578 4836 -
602 4787 607 4875 Ι
627 4789 746 4854 Amen.
771 4788 890 4853 Amen.
914 4788 1031 4852 Amen.

445 4882 505 4956 (R)
530 4881 603 4961 Ego
627 4881 793 4962 Eugenius
817 4877 977 4966 catholice
1000 4880 1135 4967 ecclesie
1159 4881 1334 4962 episcopus
1356 4901 1397 4943 ss.
1423 4882 1490 4959 (Μ)

443 4971 464 5048 †
487 4970 560 5051 Ego
583 4970 757 5034 Albericus
779 4970 965 5033 Hostiensis
988 4971 1163 5051 episcopus
1186 4991 1227 5032 ss.
1252 4969 1300 5055 (8)

443 5058 464 5139 †
486 5060 560 5142 Ego
584 5058 862 5141 GG.(Gregorius)
885 5056 1046 5141 presbiter
1069 5059 1242 5122 cardinalis
1266 5061 1313 5121 tit.
1338 5059 1456 5123 Calixti
1481 5080 1522 5120 ss,

487 5151 561 5231 Ego
585 5149 792 5211 Humbaldus
815 5149 976 5230 presbiter
999 5148 1171 5211 cardinalis
1194 5150 1243 5212 tit.
1267 5159 1453 5211 sanctorum
1476 5147 1631 5211 Iohannis
1654 5159 1687 5211 et
1709 5148 1799 5212 Pauli
1824 5171 1863 5214 ss.

488 5240 560 5321 Ego
585 5238 740 5300 Nicolaus
763 5239 924 5318 presbiter
947 5237 1118 5300 cardinalis
1142 5240 1189 5301 tit.
1213 5239 1316 5301 sancti
1342 5237 1468 5320 Cyriaci
1493 5259 1532 5299 ss.

444 5325 464 5408 †
487 5329 561 5409 Ego
586 5326 775 5389 Manlredus
799 5328 959 5408 presbiter
983 5327 1154 5390 cardinalis
1177 5328 1225 5390 tit.
1249 5338 1361 5390 sancte
1384 5327 1568 5391 Saviness.
1592 5326 1645 5410 (1)

443 5419 464 5497 i
487 5419 560 5499 Ego
584 5417 681 5478 lulius
704 5417 865 5498 presbiter
888 5417 1060 5480 cardinalis
1083 5417 1131 5477 tit.
1154 5418 1258 5479 sancti
1283 5416 1429 5480 Marcelli
1453 5437 1493 5479 ss.

388 5600 416 5675 a]
435 5612 490 5660 Das
508 5612 586 5661 rroeite
604 5627 619 5660 0
638 5612 690 5675 uus
706 5612 797 5660 Il'osur.
817 5650 824 5654 .
859 5649 865 5653 .
888 5612 924 5675 .1)
948 5611 1008 5660 Urk.
1031 5625 1086 5658 oorrr
1105 5611 1140 5660 23
1163 5610 1295 5660 november
1312 5611 1389 5660 1143.
1497 5611 1523 5677 2)
1547 5611 1606 5659 Urk.
1631 5626 1686 5659 vom
1704 5613 1740 5662 26
1759 5611 1817 5662 Mai
1836 5615 1902 5663 11⁴4

234 5682 261 5745 3)
283 5681 393 5746 Johonn,
413 5683 518 5748 Bisthos
526 5699 574 5732 oon
593 5683 673 5742 Simo,
692 5698 712 5733 r.
734 5684 800 5733 1037
814 5709 847 5720 -
860 5698 881 5735 c.
901 5683 978 5733 1063.
1050 5683 1078 5748 4)
1097 5683 1198 5748 liudolf,
1218 5682 1321 5747 Burlrof
1332 5698 1380 5732 verr
1398 5682 1479 5743 Sierro,
1498 5697 1518 5730 r.
1538 5685 1606 5733 1073
1620 5710 1652 5720 ·—
1665 5699 1686 5734 r.
1707 5684 1785 5735 1083.
