3982 6194
159 240 222 320 164
242 294 246 341 3

155 438 190 494 et
212 447 325 492 amore
347 424 475 491 celestis
498 422 600 508 patrie
624 421 746 485 mundo
776 420 1050 496 abrenuntiantes,
1081 419 1204 485 ibidem
1235 420 1277 485 ad
1308 422 1522 487 monasticam
1545 424 1651 488 vitam
1681 422 1825 508 legaliter

97 510 99 514 ’
155 540 192 583 se
215 517 365 582 conferre
387 513 556 589 voluerint,
585 513 654 575 sine
684 513 774 575 omni
798 510 1056 574 contradictione
1079 511 1251 575 cuiuslibet
1274 531 1415 594 persone
1438 510 1628 595 regulariter
1650 514 1823 598 recipiendi

156 607 343 673 facultatem
374 604 510 668 liberam
541 601 699 665 habeatis.
751 598 960 683 Sepulturam
1001 619 1135 681 quoque
1165 601 1312 664 eiusdem
1341 603 1539 669 'monasterii
1576 602 1718 667 liberam
1757 624 1822 670 esse

156 697 372 770 concedimus,
396 701 432 756 ut
454 713 566 756 eorum
590 691 758 754 devotioni
782 697 816 753 et
837 697 985 752 extreme
999 689 1168 768 voluntati,
1191 691 1246 770 qui
1268 710 1304 753 se
1327 689 1392 754 illic
1406 689 1550 774 sepelliri
1566 692 1821 770 deliberaverint,

156 787 214 851 nisi
231 786 317 851 torte
332 783 608 848 excommunicati
624 780 676 844 vel
695 780 856 843 interdicti
878 779 950 855 sint,
974 777 1080 841 nullus
1103 778 1251 856 obsistat,
1273 778 1362 844 salva
1384 782 1417 843 in
1439 784 1647 846 testamentis
1669 786 1820 847 canonica

155 877 273 940 iustitia
297 870 508 959 parrochialis
531 870 676 934 ecclesie.
720 867 933 932 Decernimus
957 887 1047 951 ergo,
1080 875 1115 929 ut
1144 867 1221 932 nulli
1243 871 1377 933 omnino
1407 869 1576 934 hominurn
1602 870 1711 949 liceat,
1740 874 1819 937 idem

157 965 387 1030 monasterium
412 1013 418 1026 .
443 1010 450 1024 .
474 1009 481 1023 .
505 959 703 1024 omnimodis
725 958 904 1042 profutura,
933 956 1023 1020 salva
1045 958 1133 1020 sedis
1156 958 1338 1040 apostolice
1367 959 1560 1024 auctoritate
1589 968 1624 1025 et
1654 963 1688 1025 in
1716 981 1819 1044 supra·

155 1055 251 1118 dictis
273 1053 419 1120 ecclesiis
442 1050 692 1114 diocesanonrm
716 1049 948 1130 episcoporum
973 1046 1127 1110 canonica
1148 1047 1275 1111 iustitia.
1321 1044 1357 1112 Si
1379 1068 1445 1130 qua
1476 1049 1604 1133 igitur.
1629 1099 1636 1113 .
1663 1098 1671 1114 .
1697 1048 1817 1116 Cunctis

156 1153 266 1210 autem
290 1194 298 1208 .
322 1193 329 1206 .
354 1196 360 1210 .
384 1140 556 1204 inveniant
600 1139 719 1201 Amen.
744 1134 862 1199 Amen
885 1136 1004 1200 Amen.

368 1231 423 1313 (R)
447 1227 520 1311 Ego
544 1227 709 1291 Adrianus
731 1224 893 1289 catholice
915 1225 1051 1288 ecclesie
1074 1224 1249 1308 episcopus
1272 1244 1314 1287 ss.
1337 1225 1399 1308 (M)

368 1321 443 1402 Ego
466 1316 816 1381 Imarus'Tusculanus
838 1316 1016 1398 episcopus
1038 1333 1081 1377 ss.

368 1409 441 1492 Ego
466 1406 565 1490 Hugo
589 1403 750 1469 Ostiensis
773 1404 948 1488 episcopus
970 1424 1011 1466 ss

369 1499 442 1581 Ego
466 1496 643 1578 Gregorius
665 1492 852 1558 Sabinensis
875 1495 1050 1576 episcopus
1073 1512 1115 1556 ss.

368 1622 412 1634 -
435 1587 509 1668 Ego
533 1584 643 1648 Guido
666 1584 828 1667 presbiter
849 1582 1023 1646 cardinalis
1047 1577 1119 1666 (tit.)
1142 1583 1244 1644 sancti
1268 1579 1462 1645 Grisochoni
1484 1602 1526 1645 ss.

369 1674 442 1758 Ego
466 1674 640 1738 Hubaldus
663 1672 822 1757 presbiter
845 1670 1015 1735 cardinalis
1038 1673 1086 1734 tit.
1109 1678 1221 1733 sancte
1244 1670 1399 1734 Praxedis
1421 1691 1464 1735 ss.

369 1764 443 1847 Ego
467 1762 656 1827 Maniredus
679 1763 842 1845 presbiter
863 1761 1034 1824 cardinalis
1056 1763 1105 1824 tit.
1128 1767 1240 1822 sancte
1262 1757 1383 1824 Savine
1405 1781 1447 1824 ss.

369 1855 447 1937 Ego.
466 1852 637 1916 Aribertus
660 1852 821 1934 presbiter
843 1851 1015 1914 cardinalis
1037 1852 1087 1913 tit.
1110 1857 1222 1913 sancte
1246 1847 1420 1914 Anastasie
1443 1871 1485 1913 ss.

368 1944 442 2026 Ego
466 1941 575 2005 Guido
599 1940 760 2024 presbiter
781 1940 954 2004 cardinalis
976 1942 1025 2003 tit.
1049 1940 1191 2002 Pastoris
1214 1959 1254 2001 ss.

369 2033 443 2115 Ego
467 2030 632 2095 Gerardus
655 2030 816 2114 presbiter
838 2028 1008 2093 cardinalis
1029 2031 1078 2092 tit
1101 2028 1203 2091 sancti
1226 2026 1351 2093 Stesani
1374 2031 1406 2092 in
1429 2027 1521 2094 Celio
1545 2036 1659 2094 monte
1682 2051 1724 2093 ss.

369 2122 442 2204 Ego
465 2120 625 2185 lohannes
647 2119 809 2203 presbiter
831 2118 1004 2182 cardinalis
1025 2119 1071 2182 tit.
1095 2126 1280 2181 sanctorum
1303 2116 1449 2182 Silvestri
1472 2128 1505 2183 et
1529 2117 1660 2184 Martini
1683 2140 1725 2184 ss.

369 2208 509 2293 —Ego
533 2208 640 2272 Guido
663 2211 820 2273 diaconus
842 2207 1012 2272 cardinalis
1034 2215 1145 2271 sancte
1168 2207 1272 2271 Marie
1295 2210 1327 2271 in
1350 2209 1479 2271 Porticu
1501 2228 1543 2271 ss.

370 2299 442 2384 Ego
466 2298 627 2362 Iohannes
651 2299 808 2363 diaconus
831 2296 1000 2361 cardinalis
1022 2305 1209 2360 sanctorum
1232 2293 1337 2380 Sergii
1359 2306 1393 2361 et
1414 2297 1515 2362 Bachi
1536 2318 1578 2361 ss.

370 2389 444 2472 Ego
459 2388 674 2452 Ildebrandus
690 2389 846 2451 diaconus
862 2385 1032 2451 cardinalis
1047 2388 1149 2450 sancti
1167 2385 1333 2450 Eustachii
1349 2389 1440 2450 iuxta
1455 2386 1614 2470 templum
1627 2387 1818 2470 Agrippess

370 2478 442 2561 Ego
465 2476 544 2541 Odo
566 2478 723 2543 diaconus
745 2477 918 2542 cardinalis
940 2478 1043 2539 sancti
1065 2474 1206 2558 Nicolay
1229 2479 1260 2539 in
1284 2497 1414 2540 carcere
1440 2477 1591 2541 Tulliano
1614 2497 1657 2541 ss

317 2564 440 2630 Datum
471 2566 578 2631 Rome
610 2569 700 2650 apud
729 2575 876 2630 sanctum
908 2566 1055 2639 Petrum,
1090 2585 1150 2648 per
1180 2587 1311 2629 manum
1343 2566 1499 2642 Rolaudi,
1537 2573 1650 2630 sancte
1682 2567 1820 2630 Romane

158 2651 295 2716 ecclesie
312 2656 483 2736 presbiteri
499 2656 669 2720 cardinalis
686 2664 719 2720 et
734 2655 923 2719 cancellarii.
960 2668 1011 2718 xli
1026 2654 1080 2717 Kl.
1096 2654 1273 2719 Februarii.
1311 2655 1494 2719 Indictione
1508 2670 1556 2719 111.
1594 2656 1821 2720 lncarnationis

157 2742 324 2807 dominice
346 2765 432 2809 anno
456 2758 589 2807 Meum.
635 2745 844 2809 Pontificatus
867 2765 946 2808 vero
970 2744 1081 2807 domni
1104 2744 1242 2808 Adriani
1264 2760 1316 2809 1111
1340 2764 1428 2828 pape
1451 2765 1537 2808 anno
1560 2746 1680 2828 primo.

315 2858 438 2924 Abrcbrr'fl
449 2859 479 2908 G.
494 2860 563 2911 VIII.
581 2861 665 2924 243).
675 2863 731 2921 117,
750 2861 793 2909 der
810 2860 874 2914 Bibl.
888 2858 1006 2926 Cbr‘giana
1024 2876 1053 2908 :u
1067 2862 1145 2919 Ir'0m;
1162 2861 1253 2926 Regert
1272 2859 1320 2910 Nr.
1333 2862 1355 2920 l,
1374 2859 1400 2908 r'n
1418 2860 1461 2908 der
1478 2857 1540 2911 Bbl.
1559 2852 1676 2909 Rabblr'ca
1693 2876 1723 2909 ur
1741 2861 1823 2909 Lucra.

316 2929 370 2994 (Ex
386 2930 502 2981 mutatico
518 2932 666 2999 exemplari.)

898 3215 964 3289 Nr.
991 3216 1077 3289 153.

156 3364 310 3430 Hadrian
333 3366 393 3430 IV
412 3367 561 3450 bestdtigt
584 3366 657 3432 dem
674 3364 1010 3519 Kanonikerkorevfnte
1038 3387 1099 3533 pen
1122 3367 1226 3429 Lucra
1246 3367 1333 3430 srirre
1365 3364 1591 3431 Gerecbtsamr
1616 3365 1689 3430 und
1708 3367 1826 3432 Bcsr'ta·

890 3464 1025 3520 tumer
1071 3505 1078 3519 .

657 3592 739 3653 1155
762 3589 864 3673 April
882 3592 932 3653 16.
965 3588 1000 3653 S.
1025 3589 1121 3653 Peter
1139 3610 1200 3652 von
1225 3588 1316 3652 Rom.

313 3704 479 3769 Adrianus
510 3708 694 3790 episcopus,
725 3727 837 3771 servus
867 3726 1034 3770 servorum
1064 3706 1129 3782 dei,
1161 3705 1287 3769 dilectis
1317 3705 1389 3769 filiis
1412 3704 1519 3780 Petro,
1549 3705 1825 3790 archipresbitero

154 3792 288 3881 Lucane
303 3795 449 3880 ecclesie,
472 3797 607 3877 eiusque
630 3797 792 3873 iratribus,
815 3805 882 3860 tarn
905 3795 1111 3878 presentibus
1135 3816 1233 3876 quam
1257 3795 1378 3871 suturis,
1401 3797 1558 3858 canonice
1580 3795 1826 3873 substituendis,

155 3895 193 3945 ΙΝ
216 3896 294 3946 ΡΡΜ.
318 3920 361 3929 -
381 3885 386 3966 Ι
407 3886 568 3949 Effectum
598 3888 681 3950 iusta
712 3885 952 3969 postulantibus
984 3885 1161 3966 indulgere,
1192 3893 1225 3948 et
1254 3886 1346 3966 vigor
1377 3884 1528 3966 equitatis
1561 3892 1594 3948 et
1618 3885 1702 3949 ordo
1728 3887 1826 3968 exigit

155 3972 296 4048 rationiS,
335 3976 514 4057 presertim,
553 3976 686 4056 quando
726 3975 906 4058 petentium
948 3974 1149 4037 voluntatem
1183 3982 1216 4037 et
1248 3974 1351 4055 pietas
1381 3973 1512 4036 adiuvat
1544 3982 1578 4037 et
1609 3977 1730 4038 veritas
1763 3996 1826 4038 non

155 4061 316 4143 relinquit.
371 4061 542 4145 Quocirca,
583 4064 691 4128 dilecti
731 4067 763 4127 in
793 4065 928 4128 domino
949 4061 955 4150 Ι
974 4063 1037 4138 filii,
1071 4064 1186 4126 vestris
1217 4064 1308 4125 iustis
1339 4062 1615 4146 postulationibus
1647 4064 1825 4128 clementer

155 4153 326 4214 annuimus
357 4161 391 4215 et
427 4154 696 4235 predecessorum
735 4163 939 4230 nostrorum,
984 4152 1084 4215 felicis
1115 4154 1272 4239 memorie
1310 4151 1453 4216 GELASH
1481 4150 1522 4237 ¹),
1553 4152 1708 4217 EUGENII
1737 4154 1763 4239 ⁸)
1793 4163 1825 4217 et

155 4238 348 4305 ANASTASII
364 4240 399 4327 ⁴),
430 4244 654 4306 Romanorum
686 4244 888 4326 pontificum,
921 4244 1066 4324 vestigiis
1096 4240 1293 4316 inherentes,
1326 4244 1475 4323 antiquas
1506 4241 1646 4330 ecclesie
1682 4245 1825 4307 matricis

154 4337 254 4410 atque
269 4331 478 4395 rationabiles
493 4333 746 4396 consuetudines
769 4332 862 4395 vobis
884 4333 1066 4410 vestrisque
1089 4331 1329 4394 successoribus
1353 4331 1590 4406 confirmamus,
1615 4340 1650 4394 ut
1673 4332 1825 4396 videlicet

54 4426 56 4430 ‘
154 4421 323 4483 unctiones
345 4419 545 4484 infirmorum
576 4442 614 4485 ac
645 4422 811 4509 sepulture
841 4421 978 4484 civitatis
1008 4420 1148 4503 proprie,
1179 4421 1221 4483 ad
1245 4422 1382 4484 eandem
1413 4419 1583 4484 ecclesiam
1616 4422 1824 4504 pertinentes,

155 4515 189 4570 et
219 4508 362 4572 officium
394 4518 493 4592 atque
516 4512 725 4593 participatio
748 4509 896 4574 beneficii
927 4510 1084 4585 funerum,
1114 4511 1157 4573 ad
1181 4509 1258 4573 alias
1287 4510 1442 4574 ecclesias
1465 4510 1702 4592 pertinentium,
1733 4512 1824 4575 vobis

155 4597 242 4660 nulla
257 4597 446 4663 clericorum
462 4600 638 4663 calliditate
657 4608 713 4664 aut
728 4600 885 4664 laicorum
900 4598 1121 4681 quorumlibet
1141 4601 1203 4682 ipsi
1220 4599 1354 4687 ecclesie
1368 4598 1606 4663 subtrahantur.
1638 4600 1824 4665 Electiones

154 4695 264 4750 autem
294 4690 439 4771 priorum
471 4698 504 4753 et
535 4690 766 4753 collocationes
797 4689 986 4752 clericorum
1009 4689 1039 4751 in
1062 4689 1168 4769 aliqua
1191 4689 1330 4753 ecclesia
1354 4689 1435 4752 inira
1459 4689 1572 4752 urbem
1598 4688 1649 4752 vel
1674 4698 1770 4753 extra
1793 4694 1824 4753 in

153 4776 315 4840 suburbiis
337 4779 407 4841 sine
427 4798 589 4842 consensu
612 4781 760 4861 episcopi
784 4786 818 4842 et
840 4780 994 4861 priorum,
1016 4780 1073 4858 qui
1097 4778 1272 4861 locopositi
1288 4780 1496 4842 nominantur
1519 4778 1660 4842 matricis
1676 4779 1822 4867 ecclesie,

155 4886 220 4928 non
247 4865 325 4930 fiant
348 4887 408 4930 nec
435 4867 590 4931 laicorum
622 4867 772 4932 violentia
796 4870 828 4930 in
851 4869 960 4947 aliqua
983 4868 1192 4946 ecclesiarum
1218 4867 1281 4930 ulla
1304 4869 1448 4950 priorum
1473 4876 1529 4930 aut
1552 4867 1744 4932 clericorum
1769 4869 1824 4932 fiat

153 4954 281 5031 electio,
303 4964 337 5020 et
352 4957 440 5020 nulla
456 4956 661 5021 ecclesiarum
678 4959 888 5040 episcopatus
902 4959 1000 5020 vestri
1017 4965 1127 5040 preter
1150 4976 1262 5020 eorum
1286 4954 1505 5041 consensu(m)
1529 4957 1623 5021 alicui
1646 4957 1823 5022 subiciatur

154 5044 300 5133 ecclesie,
330 5066 390 5110 nec
420 5046 552 5130 publica
581 5055 614 5109 et
645 5047 765 5110 maiora
795 5048 929 5129 negotia
958 5047 1067 5127 aliqua
1094 5047 1154 5110 sibi
1179 5046 1397 5122 ecclesiarum,
1430 5048 1508 5129 ipsis
1539 5046 1659 5122 invitis,
1691 5049 1824 5128 arripiat

153 5142 210 5197 aut
239 5134 389 5217 publicas
416 5136 609 5219 penitentias
632 5136 754 5200 tribuat
784 5156 845 5200 nec
866 5136 1041 5199 sententias
1064 5144 1098 5200 et
1124 5137 1333 5200 interdictum
1362 5137 1501 5199 matricis
1525 5135 1659 5223 ecclesie
1681 5145 1823 5219 temptet

153 5222 336 5307 infringere.
376 5224 474 5289 Nulla
498 5228 597 5289 etiam
620 5228 719 5290 vestri
743 5228 952 5308 episcopatus
979 5245 1120 5309 persona
1143 5228 1212 5289 sine
1236 5246 1395 5289 consensu
1418 5228 1567 5309 episcopi
1593 5223 1646 5287 vel
1670 5226 1822 5307 priorum,

153 5314 209 5393 qui
239 5314 415 5397 locopositi
438 5315 642 5379 nominantur
673 5317 816 5379 matricis
838 5315 982 5399 ecclesie,
1005 5317 1307 5378 excommunicetur
1330 5323 1371 5390 et,
1404 5315 1494 5395 quod
1518 5315 1560 5378 ab
1584 5314 1745 5398 episcopo
1769 5324 1822 5378 aut

153 5421 173 5485 a
204 5403 296 5467 vobis
328 5404 464 5487 ligatum
496 5405 599 5482 fuerit,
629 5425 649 5468 a
680 5406 810 5469 nemine
833 5405 957 5468 irritum
982 5405 1057 5468 duci
1080 5413 1267 5488 temptetur.
1312 5405 1400 5469 Sane
1423 5405 1560 5469 civitatis
1582 5412 1690 5492 vestre
1714 5404 1821 5468 clerici

314 5567 340 5632 1)
364 5564 441 5630 Vergl.
467 5563 505 5614 die
532 5564 593 5616 Urk.
618 5580 673 5615 vom
696 5566 731 5615 26
749 5564 881 5614 November
900 5566 968 5616 1163
990 5565 1045 5614 und
1061 5581 1116 5614 vom
1140 5567 1176 5616 23
1203 5566 1279 5615 bIb'rr
1305 5566 1380 5615 1173.
1421 5565 1464 5615 Or.
1483 5564 1517 5614 im
1542 5565 1616 5614 Arria
1640 5563 1777 5629 Capitolorr
1792 5579 1820 5615 ru

152 5634 245 5687 Lutra.
316 5637 343 5702 a)
367 5632 445 5703 Jaffe',
463 5637 522 5704 Reg.
541 5637 619 5688 1896.
692 5635 719 5703 3)
744 5635 803 5686 Urk.
822 5652 878 5686 vom
899 5638 931 5687 16
950 5637 1083 5702 September
1101 5638 1179 5689 1160.
1251 5640 1278 5705 4)
1301 5637 1361 5688 Urb.
1380 5652 1435 5687 vom
1453 5638 1486 5686 26
1504 5636 1638 5687 November
1657 5637 1731 5688 1163.
