3974 6188
104 216 108 223 ⁵
157 255 220 319 134

154 426 323 511 provocati
345 427 421 492 licet
444 431 588 492 omnium
613 428 819 493 ecclesiarum
843 430 937 493 nobis
960 430 1146 494 sollicitudo
1174 438 1208 493 et
1236 450 1312 493 cura
1335 431 1514 506 immineat,
1541 431 1691 513 predicte
1713 438 1823 495 tamen

153 525 266 580 sancte
289 516 516 581 Lateranensis
547 519 692 594 ecclesie,
722 538 903 601 perquam
935 521 1038 596 datur,
1068 529 1104 583 ut
1127 519 1294 601 invigilare
1318 521 1435 582 ceteris
1458 520 1611 583 omnibus
1634 519 1824 596 debeamus,

154 625 218 686 que
249 607 421 688 specialius
451 628 490 670 ac
528 607 713 671 familiarius
743 608 784 670 ad
816 609 957 671 Romani
989 608 1150 691 pontificis
1183 609 1419 671 ordinationem
1451 618 1601 691 spectare
1634 610 1824 686 dinoscitur,

154 695 304 776 ampliori
327 705 361 758 et
383 697 547 760 attentiori
571 718 631 760 nos
655 700 808 761 convenit
830 699 926 760 sudio
950 699 1132 781 providere.
1178 699 1372 780 Eapropter,
1404 698 1513 760 dilecti
1538 700 1570 761 in
1599 698 1738 761 domino
1761 697 1824 773 filii,

154 783 323 848 ecclesiam
357 788 470 868 ipsam,
502 788 534 849 in
565 806 629 866 qua
661 788 772 849 divino
805 788 980 870 mancipati
1010 788 1086 850 estis
1111 787 1280 867 obsequio,
1311 788 1352 849 ad
1383 786 1553 868 exemplar
1581 788 1825 870 predecessoris

155 876 266 947 nostri,
290 875 386 937 beate
403 876 558 938 memorie
574 875 754 939 Alexandri
770 896 856 959 pape
871 878 1014 951 secundi,
1038 877 1221 958 apostolice
1236 877 1324 938 sedis
1344 876 1514 959 privilegio
1529 877 1552 957 ¹)
1576 877 1825 940 communimus.

154 963 318 1045 Imprimis
342 965 503 1044 siquidem
527 973 715 1041 statuentes,
739 975 774 1029 ut
796 966 880 1028 ordo
904 966 1087 1039 canonicus,
1112 967 1166 1046 qui
1184 967 1362 1027 secundum
1379 967 1477 1027 deum
1493 974 1526 1027 et
1542 966 1630 1029 beati
1647 964 1825 1048 Augustini

154 1053 299 1134 regulam
330 1053 373 1116 ibi
404 1056 547 1116 noscitur
580 1055 753 1130 institutus,
784 1057 951 1137 perpetuis
984 1055 1106 1118 ibidem
1130 1055 1334 1136 temporibus
1358 1054 1584 1118 inviolabiliter
1605 1063 1825 1119 conservetur.

156 1141 315 1218 Preterea,
347 1161 570 1223 quascumque
601 1146 834 1225 possessiones,
866 1163 1073 1224 quecumque
1105 1144 1194 1206 bona
1224 1145 1340 1205 eadem
1364 1144 1501 1207 ecclesia
1531 1146 1563 1206 in
1587 1146 1825 1226 presentiarum

155 1233 239 1293 iuste
263 1241 296 1293 et
319 1235 476 1295 canonice
499 1234 647 1315 possidet
670 1242 725 1296 aut
748 1235 780 1295 in
804 1233 946 1296 futurum
971 1235 1183 1297 concessione
1206 1232 1409 1314 pontificum,
1442 1233 1613 1314 largitione
1636 1254 1751 1316 regum
1774 1232 1827 1296 vel

155 1319 347 1403 principum,
372 1320 538 1384 oblatione
560 1322 702 1385 fidelium
727 1342 783 1386 seu
806 1322 876 1385 aliis
899 1325 991 1385 iustis
1015 1323 1122 1386 modis
1150 1322 1213 1385 deo
1246 1324 1390 1404 propitio
1414 1324 1536 1403 poterit
1558 1322 1703 1405 adipisci,
1734 1322 1827 1384 firma

154 1410 247 1472 vobis
271 1412 452 1490 vestrisque
475 1412 718 1474 successoribus
742 1420 775 1474 et
798 1411 918 1474 illibata
942 1419 1164 1494 permaneant.
1209 1410 1246 1472 ln
1270 1412 1387 1493 quibus
1414 1409 1476 1473 hec
1505 1414 1647 1494 propriis
1672 1412 1826 1474 duximus

155 1500 370 1581 exprimenda
392 1500 575 1563 vocabulis:
614 1501 825 1564 medietatem
850 1504 995 1564 omnium
1020 1501 1224 1564 oblationum
1254 1500 1445 1583 principalis
1473 1499 1579 1563 altaris
1612 1502 1644 1563 in
1667 1501 1828 1583 integrum

155 1588 223 1650 sine
255 1591 421 1670 expendio
452 1589 580 1668 aliquo,
620 1591 786 1653 dationem
819 1592 917 1653 etiam
948 1610 1005 1653 seu
1036 1590 1216 1663 redditum,
1253 1591 1308 1669 qui
1337 1589 1574 1671 glandatricum
1604 1589 1738 1665 dicitur,
1777 1589 1829 1652 vel

155 1676 357 1741 herbaticum
371 1698 413 1740 ex
425 1681 541 1741 vestris
557 1682 666 1762 porcis
686 1680 713 1761 a)
730 1687 762 1742 et
779 1680 961 1762 pecoribus,
978 1700 1034 1742 seu
1047 1699 1179 1742 omnem
1196 1679 1392 1742 functionem
1405 1679 1448 1742 ab
1465 1679 1583 1741 eodem
1593 1680 1829 1761 predecessore

155 1775 269 1829 nostro
293 1767 430 1830 ecclesie
454 1769 514 1849 ipsi
538 1769 701 1831 collatam.
748 1766 900 1831 Obeunte
923 1790 1002 1832 vero
1030 1777 1072 1844 te,
1104 1788 1188 1830 nunc
1219 1768 1367 1830 eiusdem
1389 1768 1451 1830 loci
1482 1767 1590 1850 priore
1612 1769 1665 1831 vel
1696 1776 1827 1830 tuorum

143 1855 304 1938 'quolibet
326 1875 561 1933 successorum,
592 1858 697 1920 nullus
720 1858 766 1920 ibi
790 1858 937 1937 qualibet
960 1859 1174 1939 surreptionis
1204 1860 1328 1920 astucia
1358 1877 1415 1920 seu
1439 1856 1592 1919 violentia
1615 1866 1828 1939 preponatur,

155 1945 215 2008 sed
239 1944 354 2010 fratres
377 1949 409 2008 in
433 1946 541 2026 aliqua
565 1967 705 2029 persona
728 1948 770 2009 de
793 1955 904 2010 vestro
927 1946 1075 2029 collegio,
1106 1950 1133 2009 si
1163 1947 1281 2009 idonea
1311 1955 1440 2028 reperta
1472 1946 1575 2020 fuerit,
1606 1946 1657 2009 vel
1690 1948 1733 2009 de
1763 1946 1827 2008 alio

156 2034 309 2116 religioso
333 2044 494 2098 conventu
524 2038 612 2118 prius
636 2038 830 2100 conveniant
853 2044 886 2098 et
906 2038 1120 2118 postmodum
1144 2036 1382 2109 cumconsilio,
1405 2034 1643 2099 deliberatione
1659 2043 1692 2098 et
1707 2035 1828 2098 iudicio

155 2124 294 2187 Romani
317 2124 480 2206 pontificis
504 2126 635 2207 eligant.
680 2126 814 2189 Electus
841 2134 950 2188 autem
981 2126 1060 2188 nulli
1094 2126 1162 2194 nisi⁴
1186 2132 1311 2187 tanturn
1343 2125 1404 2207 ipsi
1427 2126 1578 2186 Romano
1607 2123 1753 2206 pontifici
1785 2124 1828 2187 de

157 2212 344 2277 obedientia
376 2213 428 2276 vel
457 2214 661 2278 subiectione
694 2215 802 2294 aliqua
833 2223 990 2278 teneatur.
1042 2215 1156 2277 Liceat
1189 2222 1338 2295 preterea
1367 2214 1460 2276 vobis
1501 2213 1634 2276 clericos
1664 2232 1683 2276 e
1714 2212 1827 2276 seculo

156 2301 313 2384 fugientes
336 2303 388 2366 vel
411 2302 512 2366 laicos
535 2305 666 2378 liberos,
696 2305 926 2384 undecumque
949 2303 1073 2380 fuerint,
1105 2304 1163 2366 nisi
1187 2303 1461 2366 excommunicati
1484 2301 1536 2365 vel
1567 2303 1731 2365 interdicti
1752 2304 1829 2378 sint,

156 2391 280 2473 absque
303 2393 437 2455 alicuius
461 2394 717 2456 contradictione
740 2395 782 2455 ad
806 2394 1049 2469 conversionem
1080 2394 1246 2474 suscipere
1274 2401 1316 2467 et,
1346 2393 1400 2474 qui
1430 2394 1572 2473 suscepti
1601 2391 1720 2454 fuerint
1751 2411 1828 2454 cum

156 2484 322 2544 communi
338 2481 471 2546 consilio
496 2483 609 2564 prioris
633 2492 666 2545 et
689 2483 832 2557 fratrum,
857 2482 935 2545 nulli
959 2484 1001 2545 de
1026 2482 1215 2545 obedientia
1238 2490 1409 2544 teneantur
1432 2483 1491 2544 nisi
1507 2482 1659 2543 Romano
1679 2479 1828 2563 pontifici

156 2578 189 2632 et
213 2571 308 2653 priori
332 2572 477 2634 eiusdem
501 2572 638 2635 ecclesie
662 2580 703 2648 et,
736 2574 763 2635 si
793 2573 883 2651 quod
912 2574 1070 2654 scriptum
1096 2579 1208 2634 contra
1230 2568 1294 2633 hoc
1318 2581 1465 2633 nostrum
1488 2570 1694 2652 privilegium
1718 2570 1829 2649 aliquo

155 2668 308 2742 tempore
339 2663 542 2743 apparuerit,
573 2663 606 2725 in
636 2663 761 2724 irritum
793 2661 951 2723 ducimus.
999 2659 1214 2723 Prohibemus
1244 2667 1370 2733 autem,
1405 2667 1441 2722 ut
1473 2659 1550 2722 nulli
1581 2659 1716 2722 fratrum
1748 2667 1829 2740 post

156 2748 276 2811 factam
300 2749 331 2811 in
357 2751 475 2813 eodem
499 2749 572 2814 loco
597 2750 843 2832 professionem,
867 2753 937 2812 sine
953 2751 1070 2831 prioris
1085 2751 1132 2812 sui
1148 2749 1277 2811 licentia
1292 2749 1341 2811 fas
1357 2751 1407 2823 sit,
1430 2750 1472 2811 de
1489 2748 1629 2811 claustro
1645 2749 1829 2823 discedere,

157 2838 381 2901 discedentem
403 2860 482 2902 vero
505 2840 630 2919 absque
653 2837 842 2922 com(m)uni
866 2839 1030 2902 literarum
1055 2840 1204 2901 cautione
1228 2837 1331 2900 nullus
1355 2839 1475 2901 audeat
1498 2840 1644 2900 retinere.
1683 2835 1741 2899 Ad
1764 2836 1830 2900 hec

156 2927 335 2991 adicientes
358 2929 565 3011 suggestione
589 2937 621 2992 et
636 2929 804 2992 voluntate
827 2929 959 2992 fratrum
976 2937 1159 2991 nostrorum
1177 2926 1389 2990 cardinalium
1406 2929 1636 3009 episcoporum
1653 2928 1830 3000 sancimus

157 3025 193 3079 ut
215 3018 330 3080 eadem
355 3019 491 3081 ecclesia
513 3027 670 3098 tanquam
694 3018 882 3100 principalis
905 3026 1011 3080 mater
1033 3026 1066 3079 et
1081 3018 1216 3079 domina
1231 3017 1362 3078 omnino
1378 3015 1479 3080 libera
1495 3018 1537 3078 sit
1554 3024 1586 3078 et
1602 3015 1677 3078 nulli
1694 3018 1830 3097 penitus

157 3107 217 3169 nisi
241 3106 301 3170 soli
325 3107 475 3170 Romano
499 3108 644 3189 pontifici
667 3110 709 3170 sit
732 3108 886 3182 subiecta,
916 3116 1015 3186 atque
1046 3107 1133 3169 idem
1157 3106 1304 3187 episcopi
1335 3106 1455 3168 salubri
1487 3105 1702 3187 providentia,
1725 3103 1829 3168 veluti

157 3204 390 3278 cooperatores
407 3205 440 3259 et
462 3199 572 3260 vicarii
594 3199 705 3272 nostri,
729 3197 827 3278 ipsius
850 3197 1043 3260 venerabilis
1066 3194 1199 3258 basilice
1221 3194 1393 3257 utilitatem
1417 3203 1450 3257 et
1472 3194 1676 3258 honestatem
1701 3201 1831 3259 attente

157 3287 360 3367 provideant.
412 3285 494 3349 Illud
527 3307 619 3361 vero,
651 3286 741 3368 quod
772 3308 792 3348 a
820 3294 1002 3348 memorato
1033 3286 1266 3367 predecessore
1301 3293 1412 3346 nostro
1444 3282 1637 3347 Alexandro
1667 3290 1829 3348 statutum

157 3382 215 3448 est,
239 3377 380 3438 maxime
405 3376 570 3438 observari
594 3377 801 3458 precipimus,
832 3375 993 3448 videlicet,
1024 3382 1059 3436 ut
1082 3395 1158 3437 vasa
1186 3393 1243 3435 seu
1267 3382 1375 3435 vestes
1405 3372 1516 3436 altaris
1547 3380 1581 3435 et
1603 3379 1722 3435 cuncta
1743 3372 1828 3434 sacri

157 3464 325 3527 ministerii
348 3473 540 3528 ornamenta
562 3486 627 3527 non
649 3472 822 3546 tangantur
847 3464 900 3527 vel
923 3464 1129 3546 proferantur
1158 3483 1215 3525 seu
1247 3470 1453 3544 reponantur,
1482 3471 1539 3524 aut
1568 3461 1665 3525 etiam
1699 3458 1829 3541 quales-

157 3572 297 3632 cumque
321 3554 505 3617 oblationes
528 3555 671 3637 desuper
693 3554 783 3616 altari
806 3574 825 3615 a
848 3574 913 3616 non
936 3555 1070 3616 sacratis
1102 3553 1167 3615 deo
1198 3552 1350 3615 ministris
1383 3551 1548 3614 tollantur.
1595 3551 1707 3625 Portu,
1742 3549 1829 3614 cele·

157 3642 327 3706 brantibus
359 3643 482 3706 ibidem
514 3645 680 3726 episcopis
708 3663 799 3707 sacra
829 3645 1000 3706 missarum
1030 3640 1194 3716 solemnia,
1225 3642 1257 3702 in
1289 3639 1488 3704 clericalibus
1517 3642 1633 3703 tunicis
1656 3647 1829 3722 presentes

156 3733 233 3808 sitis,
258 3741 389 3795 cantum
412 3735 589 3815 imponatis
612 3740 646 3795 et
661 3753 704 3795 ex
718 3733 812 3795 vobis
829 3733 1053 3815 presbiterum,
1078 3731 1258 3805 diaconum,
1282 3731 1518 3792 subdiaconum
1534 3738 1633 3811 atque
1649 3727 1828 3791 accolitum

155 3842 288 3905 semper
310 3822 482 3904 providere
505 3824 630 3885 curetis.
676 3824 826 3886 Preterea
849 3822 955 3885 minus
978 3829 1117 3901 quatuor
1137 3819 1289 3883 fratribus
1309 3819 1533 3882 assistentibus
1550 3820 1646 3881 missa
1662 3819 1694 3880 in
1709 3818 1829 3881 eadem

157 3912 293 3975 ecclesia
316 3913 414 3975 etiam
437 3913 553 3974 diebus
576 3913 710 3994 privatis
734 3913 866 3974 minime
889 3910 1079 3984 celebretur,
1103 3909 1219 3972 diebus
1241 3929 1320 3972 vero
1343 3908 1517 3972 dominicis
1540 3909 1621 3971 etin
1637 3914 1829 3971 sanctorum

157 4002 395 4077 festivitatibus,
428 4010 710 4082 quantuscumque
750 4001 852 4075 fuerit,
882 4000 1046 4082 plenarius
1078 4005 1185 4060 vester
1213 3999 1292 4060 assit
1330 4007 1518 4061 conventus.
1572 3995 1620 4060 Ut
1651 4004 1762 4059 autem
1795 3998 1829 4059 in

157 4091 296 4155 ecclesia
312 4093 382 4173 ipsa
397 4090 551 4172 regularis
575 4091 694 4153 ordinis
717 4099 750 4154 et
773 4089 941 4171 discipline
956 4091 1050 4170 vigor
1064 4085 1301 4161 inviolabiliter,
1325 4086 1500 4150 auxiliante
1524 4088 1598 4162 deo,
1621 4087 1830 4149 custodiatur

157 4188 190 4244 et
213 4189 366 4255 servetur,
388 4200 653 4261 unumquemque
676 4181 900 4262 predictorum
923 4176 1134 4240 cardinalium
1151 4178 1392 4258 episcoporum,
1417 4179 1472 4258 qui
1493 4184 1567 4239 sunt
1581 4176 1624 4239 ad
1641 4174 1830 4258 principalis

157 4270 265 4333 altaris
295 4271 462 4332 servitium
494 4269 651 4351 deputati,
680 4269 781 4333 semel
813 4271 844 4330 in
874 4266 1086 4330 hebdomada
1117 4267 1159 4328 de
1190 4266 1396 4328 observantia
1426 4265 1537 4347 regule
1568 4285 1642 4327 cum
1674 4264 1830 4326 fratribus

158 4361 258 4442 ipsius
274 4359 338 4422 loci
354 4356 530 4439 capitulum
546 4366 657 4422 tenere
672 4367 713 4433 et,
736 4359 762 4420 si
778 4358 857 4440 quid
873 4376 971 4439 grave
994 4356 1222 4437 corrigendum
1247 4354 1350 4430 fuerit,
1373 4375 1448 4417 cum
1471 4351 1666 4438 com(m)uni
1690 4353 1830 4416 consilio

158 4450 277 4531 prioris
293 4456 325 4511 et
340 4447 473 4511 fratrum
497 4467 557 4529 per
579 4449 669 4529 ipsos
684 4447 753 4509 vice
776 4456 887 4509 nostra
911 4445 1077 4508 emendari
1099 4444 1277 4507 statuimus
1323 4442 1359 4506 Si
1383 4463 1447 4524 qua
1469 4445 1566 4526 igitur
1595 4444 1628 4506 in
1657 4450 1829 4525 posterum

158 4537 377 4601 ecclesiastica
400 4537 594 4600 secularisve
624 4557 773 4620 persona,
802 4534 886 4598 hanc
917 4543 1027 4597 nostre
1060 4534 1299 4596 constitutionis
1331 4542 1363 4596 et
1391 4532 1647 4596 confirmationis
1670 4533 1829 4613 paginam

158 4628 272 4703 sciens,
295 4635 407 4691 contra
430 4647 503 4689 eam
527 4647 605 4689 ausu
634 4627 808 4689 temerario
831 4625 940 4688 venire
961 4625 1180 4705 temptaverit,
1212 4623 1357 4685 secundo
1389 4623 1527 4685 tertiove
1559 4623 1772 4696 commonita,
1804 4621 1831 4682 si

159 4738 224 4779 non
247 4716 468 4780 satisfactione
491 4736 634 4797 congrua
657 4716 888 4789 emendaverit,
915 4715 1088 4796 potestatis
1112 4713 1310 4793 honorisque
1332 4714 1382 4774 sui
1407 4712 1566 4793 dignitate
1590 4719 1701 4774 careat
1724 4730 1830 4773 ream-

159 4826 224 4888 que
248 4855 254 4868 .
278 4854 285 4868 .
310 4855 316 4868 .
341 4858 346 4871 .
372 4806 504 4871 Cunctis
527 4813 645 4868 autem.
670 4855 676 4868 .
701 4853 707 4866 .
732 4803 851 4867 Amen.
874 4802 993 4867 Amen.
1017 4803 1136 4866 Amen.

371 4894 427 4975 (R)
451 4894 524 4976 Ego
547 4895 740 4957 Anastasius
764 4892 924 4955 catholice
947 4893 1084 4955 ecclesie
1107 4892 1283 4973 episcopus
1306 4910 1347 4952 ss.
1372 4888 1435 4974 (M)

372 4983 392 5066 †
415 4982 488 5065 Ego
510 4985 649 5046 Ymarus
673 4982 876 5046 Tusculanus
900 4983 1074 5063 episcopus
1099 5001 1140 5042 ss

373 5072 393 5154 †
417 5072 489 5153 Ego
514 5072 613 5153 Hugo
638 5071 800 5135 Ostiensis
824 5073 999 5152 episcopus
1023 5090 1063 5131 ss.

372 5165 392 5245 †
415 5162 488 5243 Ego
513 5161 672 5224 Guarinus
694 5163 899 5225 Prenestinus
923 5161 1098 5241 episcopus
1122 5178 1163 5220 ss.

372 5254 392 5335 †
415 5250 488 5333 Ego
513 5250 689 5333 Gregorius
713 5250 875 5331 presbiter
898 5248 1066 5311 cardinalis
1089 5248 1135 5309 tir.
1161 5246 1278 5311 Calixti
1302 5267 1343 5309 ss

371 5340 392 5423 †
415 5343 488 5423 Ego
513 5338 619 5403 Guido
643 5340 806 5422 presbiter
828 5338 997 5400 cardinalis
1020 5340 1067 5399 tit.
1092 5338 1194 5399 sancti
1219 5334 1390 5418 Grisogoni
1415 5355 1456 5396 ss.

372 5433 392 5516 †
415 5429 488 5512 Ego
512 5430 685 5493 Hubaldus
708 5427 868 5511 presbiter
891 5426 1061 5490 cardinalis
1085 5428 1132 5489 tit.
1156 5434 1268 5488 sancte
1290 5425 1446 5490 Praxedis
1468 5443 1510 5485 ss.

320 5637 345 5699 a)
364 5635 451 5699 portis.
468 5672 520 5679 --
538 5637 574 5700 .1)
594 5632 672 5682 Nicht
688 5631 801 5681 rrhallen.
