3982 6194
1791 287 1829 355 53

152 458 243 522 bone
274 453 433 557 memorie
463 457 646 520 Benedicto
664 458 689 537 ¹)
721 457 880 535 videlicet,
911 458 1077 522 Ermanno
1095 459 1120 544 ¹)
1151 467 1185 523 et
1206 459 1349 542 Rogerio
1367 457 1402 542 ³),
1425 458 1631 523 Vulterranis
1661 460 1833 545 episcopis,

152 547 311 612 canonice
335 544 428 608 vobrs
460 565 641 610 concessas.
689 545 855 630 Quicquid
883 547 1011 612 habetis
1041 552 1072 612 in
1106 558 1196 612 curte
1227 558 1260 611 et
1292 550 1423 613 civitate
1445 549 1648 627 Vulterrana‚
1680 552 1712 613 in
1743 562 1833 616 curte

153 640 197 700 de
231 643 343 699 monte
366 634 573 710 Vulterran0,
604 639 636 698 in
667 645 757 700 curte
786 639 828 700 de
860 637 986 714 Casula,
1018 641 1049 701 in
1080 648 1171 702 curte
1200 640 1243 700 de
1274 638 1431 712 Mezan0‚
1463 641 1495 701 in
1525 648 1616 703 curte
1647 641 1688 704 de
1719 651 1833 705 sancto

155 726 362 800 Geminiano,
392 726 423 786 in
455 733 545 788 curte
578 727 620 788 de
653 725 796 790 Castello
826 731 938 802 veteri,
970 731 1003 790 in
1038 737 1128 791 curte
1159 737 1192 791 et
1224 728 1359 790 castello
1393 729 1435 791 de
1465 728 1575 810 Nigra,
1607 730 1638 791 in
1668 743 1758 794 curte
1790 733 1833 795 de

156 824 270 880 monte
293 816 441 889 Tinioso,
472 815 502 876 in
527 823 619 877 curte
643 817 685 877 de
709 818 804 878 Petra
828 815 987 899 Raninga,
1018 820 1146 880 tertiam
1175 826 1302 899 partem
1327 818 1425 879 curtis
1455 826 1488 881 et
1512 818 1635 882 castelli
1669 822 1712 884 de
1736 819 1833 885 Com·

155 927 292 989 porena,
323 906 353 967 in
379 912 469 966 curte
494 905 536 967 de
560 905 696 968 castello
720 905 811 981 Falli,
840 907 871 968 in
896 917 987 971 curte
1010 908 1053 970 de
1075 907 1191 988 Liguli,
1222 907 1253 969 in
1286 914 1376 968 curte
1408 916 1442 970 et
1465 908 1600 971 castello
1624 910 1667 971 de
1691 909 1833 986 Gezano,

154 998 186 1058 in
211 1003 303 1059 curte
334 996 376 1056 de
400 993 544 1069 Latreto,
574 996 606 1056 in
639 1003 729 1057 curte
761 997 804 1058 de
826 997 970 1071 Pezzole,
1002 999 1033 1058 in
1063 1007 1154 1060 curte
1185 997 1226 1058 de
1251 996 1429 1071 Monteclo,
1460 999 1491 1059 in
1525 1005 1616 1061 curte
1646 999 1689 1061 de
1721 1009 1834 1063 monte

157 1086 303 1159 Cuccari,
328 1084 359 1145 in
382 1091 473 1146 curte
496 1084 538 1146 de
561 1082 648 1146 Villa
672 1105 799 1166 magna,
831 1087 862 1147 in
886 1095 978 1148 curte
1001 1087 1045 1148 de
1068 1087 1164 1160 Pava,
1197 1087 1229 1147 io
1260 1094 1351 1148 curte
1383 1095 1416 1148 et
1447 1086 1581 1149 castello
1611 1088 1653 1151 de
1675 1089 1834 1163 Laiatico,

156 1178 189 1238 in
214 1183 306 1237 curte
330 1174 372 1236 de
395 1172 524 1247 Berola,
557 1173 588 1234 in
612 1182 702 1237 curte
725 1175 768 1237 de
792 1175 899 1238 casale
922 1176 1043 1250 lustuli,
1067 1177 1099 1238 in
1123 1184 1213 1238 curte
1237 1177 1279 1237 de
1304 1183 1415 1238 monte
1438 1173 1595 1251 Scudaro,
1625 1179 1657 1239 in
1682 1177 1834 1251 Coruino,

157 1268 190 1327 in
215 1263 351 1327 castello
375 1272 409 1325 et
432 1270 523 1325 curte
546 1264 589 1324 de
604 1262 702 1337 Valli,
728 1266 940 1326 medietatem
965 1266 1008 1327 de
1032 1273 1123 1328 curte
1146 1273 1180 1327 et
1203 1264 1337 1326 castello
1362 1265 1403 1326 de
1420 1265 1559 1340 Rotano,
1583 1274 1707 1330 curtem
1732 1269 1835 1331 sancti

158 1353 323 1426 Mamme‚
354 1354 490 1414 domum
522 1372 619 1415 unam
651 1355 683 1415 in
707 1352 839 1416 Lucana
869 1356 1010 1417 civitate.
1057 1354 1253 1418 Sanctorum
1287 1373 1420 1434 quoque
1451 1364 1581 1436 patrum
1605 1358 1833 1421 auctoritatem

156 1452 335 1525 sequentes
359 1440 584 1524 prohibemus,
608 1451 642 1505 ut
666 1442 742 1504 nulli
767 1445 927 1525 episcopo
952 1443 1091 1524 aliquam
1117 1445 1357 1506 ordinationem
1381 1444 1412 1505 in
1428 1446 1544 1506 eadem
1567 1445 1704 1508 ecclesia
1728 1447 1835 1510 lacere

157 1534 210 1596 vel
236 1553 412 1615 personam
444 1531 620 1595 excludere
651 1534 720 1595 sive
752 1531 841 1595 bona
872 1535 1084 1615 episcopatus
1107 1534 1140 1595 in
1171 1534 1309 1614 pignore
1332 1533 1383 1595 vel
1414 1533 1514 1595 leudo
1544 1535 1638 1597 alicui
1669 1536 1748 1598 dare
1777 1557 1835 1598 seu

159 1622 311 1705 quolibet
342 1622 443 1684 modo
476 1620 614 1684 alienare
651 1622 778 1701 absque
808 1624 973 1684 communi
1007 1623 1140 1685 fratrum
1171 1622 1222 1684 vel
1261 1622 1396 1685 sanioris
1430 1623 1530 1704 partis
1561 1624 1694 1687 consilio
1730 1624 1834 1688 liceat

159 1714 376 1777 Decernimus
401 1730 490 1792 erg0,
521 1719 556 1772 ut
586 1710 663 1774 nulli
689 1711 821 1774 omnino
852 1710 1020 1774 hominum
1045 1712 1148 1785 liceat,
1178 1712 1388 1774 iamdictam
1420 1712 1593 1776 ecclesiam
1616 1722 1741 1777 temere
1765 1735 1835 1797 per·

159 1803 292 1866 turbare
329 1810 386 1864 aut
424 1802 494 1862 eius
523 1802 749 1882 possessiones
784 1800 911 1863 aulerre
942 1801 994 1864 vel
1024 1801 1150 1864 ablatas
1175 1802 1331 1875 retinere,
1368 1802 1511 1865 minuere
1542 1822 1599 1865 seu
1636 1803 1836 1882 quibuslibet

160 1894 322 1956 molestiis
346 1891 497 1971 fatigare,
528 1891 586 1952 sed
619 1892 728 1952 omnia
759 1891 883 1973 integra
914 1899 1147 1953 conserventur
1180 1910 1303 1965 eorum,
1334 1911 1395 1972 pro
1427 1910 1566 1970 quorum
1599 1891 1836 1974 gubernatione

160 1992 192 2046 et
214 1981 453 2044 sustentatione
477 1999 634 2042 concessa
649 1988 732 2053 sunt,
756 1979 866 2042 usibus
883 1981 1079 2042 omnimodis
1096 1979 1273 2062 profutura,
1297 1979 1385 2042 salva
1401 1983 1549 2063 episcopi
1565 1983 1663 2044 vestri
1680 1985 1838 2045 canonica

161 2072 342 2136 reverentia
366 2078 399 2132 et
422 2069 604 2150 apostolice
627 2070 715 2131 sedis
739 2071 942 2132 auctoritate.
988 2067 1044 2131 Ad
1070 2070 1225 2131 indicium
1249 2077 1358 2131 autem
1389 2067 1484 2132 huius
1507 2091 1527 2132 a
1549 2071 1629 2133 sede
1653 2072 1837 2153 apostolica

161 2170 320 2245 perceptc
344 2160 556 2241 protectionis
580 2172 615 2220 vl
639 2159 791 2220 denarios
814 2158 970 2221 Lucensis
995 2167 1126 2221 monete
1151 2158 1246 2219 nobis
1270 2159 1453 2239 nostrisque
1476 2159 1721 2223 successoribus
1745 2163 1838 2223 annis

161 2250 295 2334 singulis
327 2249 530 2332 persolvetis.
576 2245 611 2311 Si
641 2269 706 2329 qua
738 2249 834 2330 igitur
864 2250 895 2310 in
928 2248 1070 2310 futurum
1102 2247 1320 2310 ecclesiastica
1350 2248 1546 2311 secularisve
1576 2269 1725 2331 persona,
1753 2247 1838 2312 hanc

162 2350 273 2404 nostre
305 2338 547 2402 constitutionis
570 2338 722 2420 paginam
754 2339 870 2412 sciens,
903 2346 1015 2399 contra
1046 2358 1118 2400 eam
1149 2346 1274 2399 temere
1297 2339 1407 2399 venire
1438 2341 1660 2420 temptaverit,
1691 2340 1837 2401 secundo

162 2433 300 2495 tertiove
323 2430 536 2503 commonita,
560 2429 586 2489 si
611 2447 675 2489 non
699 2426 919 2489 satisfactione
944 2447 1087 2508 congrua
1111 2427 1341 2500 emendaverit,
1372 2430 1545 2508 potestatis
1567 2427 1767 2508 honorisque
1790 2428 1838 2490 sui

162 2524 322 2604 dignitate
347 2527 456 2581 careat
486 2536 642 2598 reamque
665 2537 700 2579 se
724 2516 835 2578 divino
859 2516 980 2578 iudicio
1006 2518 1146 2578 existere
1169 2517 1212 2578 de
1236 2524 1424 2597 perpetrata
1454 2519 1625 2596 iniquitate
1659 2526 1839 2598 cognoscat

162 2622 193 2676 et
216 2633 234 2674 a
258 2608 478 2674 sacratissimo
510 2626 650 2687 corpore
678 2626 717 2668 ac
749 2607 906 2686 sanguine
936 2605 990 2667 dei
1015 2613 1048 2667 et
1070 2606 1204 2681 domini,
1228 2606 1448 2686 redemptoris
1483 2608 1585 2669 nostri
1613 2605 1685 2668 lesu
1709 2604 1837 2682 Christi,

162 2703 261 2766 aliena
287 2701 352 2773 fiat,
376 2706 476 2776 atque
501 2697 532 2757 in
556 2704 706 2757 extremo
730 2697 881 2757 examine
904 2695 1049 2757 districte
1074 2695 1187 2757 ultioni
1208 2694 1386 2757 subiaceat.
1432 2694 1563 2758 Cunctis
1587 2704 1705 2770 autem,
1730 2697 1837 2758 eidem

162 2794 234 2856 loco
263 2794 352 2855 iusta
381 2785 596 2858 servantibus
628 2787 670 2847 sit
702 2805 769 2866 pax
797 2785 921 2846 domini
953 2787 1054 2847 nostri
1079 2785 1150 2847 lesu
1175 2781 1302 2858 Christi,
1330 2789 1335 2864 1
1365 2787 1517 2865 quatinus
1547 2793 1580 2849 et
1610 2784 1664 2847 hic
1696 2785 1836 2847 fructum

163 2885 246 2947 bone
277 2877 420 2945 actionis
451 2877 635 2957 percipiant
662 2883 695 2937 et
725 2874 813 2956 apud
845 2874 1028 2936 districtum
1061 2874 1202 2936 iudicem
1236 2876 1361 2954 premia
1393 2883 1503 2937 eterne
1541 2875 1630 2956 pacis
1667 2874 1837 2937 inveniant.

163 2973 233 3037 Am.
257 2973 340 3037 Am.
363 2967 441 3029 Am·
464 3000 508 3011 -
1612 2986 1615 2994 '

378 3057 432 3137 (R)
456 3056 529 3137 Ego
554 3053 733 3118 Celestinus
757 3052 917 3139 catholice
941 3051 1076 3138 ecclesie
1100 3052 1277 3133 episcopus
1301 3072 1344 3114 ss.
1368 3049 1431 3136 (M)

378 3145 398 3230 †
423 3147 496 3228 Ego
522 3142 692 3206 Conradus
715 3141 903 3205 Sabinensis
928 3142 1104 3224 episcopus
1127 3161 1169 3202 ss.

423 3238 496 3317 Ego
521 3232 753 3296 Theodevinus
776 3241 889 3295 sancte
912 3231 1029 3294 Rufine
1052 3233 1228 3312 episcopus
1250 3250 1291 3292 ss

424 3324 497 3407 Ego
520 3323 697 3403 Alberigus
721 3321 903 3384 Hostiensis
927 3321 1102 3403 episcopus
1125 3341 1166 3383 ss.

425 3417 497 3496 Ego
521 3410 676 3475 Stefanus
699 3411 907 3473 Prenestinus
931 3413 1107 3492 episcopus
1130 3429 1171 3471 ss.

424 3503 497 3586 Ego
521 3502 645 3565 lmarus
668 3500 921 3563 Tusculanensis
945 3502 1121 3581 episcopus
1143 3518 1185 3561 ss.
1210 3493 1258 3582 (1)

424 3594 497 3675 Ego
520 3592 634 3655 Petrus
657 3588 853 3653 Albanensis
877 3589 1060 3671 episcopus.
1085 3590 1131 3668 (3)

380 3722 423 3732 —
448 3681 468 3766 †
491 3682 564 3763 Ego
590 3679 699 3744 Guido
723 3679 885 3760 presbiter
909 3678 1081 3741 cardinalis
1103 3679 1151 3739 tit.
1176 3678 1278 3740 sancti
1303 3674 1478 3756 Grisogoni
1502 3694 1543 3736 ss.

381 3772 401 3855 †
425 3774 499 3854 Ego
521 3770 687 3834 Raincrius
712 3770 874 3851 presbiter
896 3768 1068 3830 cardinalis
1091 3768 1139 3828 tit.
1163 3775 1275 3829 sancte
1300 3764 1408 3851 Prisce
1431 3783 1472 3825 ss.

381 3861 402 3944 †
426 3860 499 3943 Ego
522 3862 636 3924 Petrus
659 3858 818 3940 presbiter
842 3858 1013 3919 cardinalis
1037 3858 1080 3919 de
1103 3856 1197 3918 titulo
1220 3856 1363 3919 Pastoris
1386 3873 1428 3915 ss.

381 3951 402 4035 †
427 3952 499 4034 Ego
524 3947 627 4012 Goizo
652 3948 813 4031 presbiter
836 3946 1006 4009 cardinalis
1029 3947 1078 4008 tit.
1101 3954 1216 4008 sancte
1238 3944 1360 4008 Cecilie
1382 3963 1424 4005 ss.
1448 3944 1495 4021 (4)

382 4040 402 4123 †
425 4040 498 4122 Ego
523 4038 714 4101 Manfredus
739 4035 899 4118 presbiter
922 4035 1092 4098 cardinalis
1116 4035 1162 4096 tit.
1185 4041 1297 4120 sancte
1320 4030 1440 4118 Savine
1463 4050 1505 4092 ss.

381 4167 425 4177 -
448 4128 469 4212 †
492 4128 565 4210 Ego
590 4126 767 4208 Gregorius
791 4127 949 4188 diaconus
973 4124 1144 4187 cardinalis
1167 4132 1353 4186 sanctorum
1378 4119 1481 4202 Sergii
1505 4127 1538 4183 et
1561 4117 1662 4182 Bachi
1685 4139 1725 4181 ss.
1749 4116 1796 4203 (1)

381 4221 401 4302 ’r
425 4220 498 4300 Ego
523 4216 632 4280 Guido
655 4218 814 4279 diaconus
838 4214 1010 4278 cardinalis
1033 4223 1219 4276 sanctorum
1244 4212 1364 4298 Cosme
1388 4220 1421 4273 et
1444 4209 1598 4272 Damiani
1621 4229 1662 4271 ss

381 4310 401 4391 †
425 4309 498 4391 Ego
523 4305 687 4370 Gerardus
711 4306 867 4368 diaconus
890 4303 1061 4367 cardinalis
1085 4311 1196 4366 sancte
1220 4301 1322 4364 Marie
1345 4303 1378 4363 in
1402 4299 1529 4363 Donica
1552 4319 1593 4361 ss.

381 4399 402 4480 †
424 4399 497 4480 Ego
523 4395 632 4460 Guido
657 4398 689 4458 in
713 4394 864 4457 Romana
889 4394 1025 4456 ecclesia
1049 4392 1159 4455 altaris
1184 4391 1329 4453 minister
1351 4389 1503 4470 indignus
1527 4408 1568 4451 ss.
1592 4389 1638 4469 (3)

381 4488 402 4569 †
426 4488 498 4570 Ego
521 4485 684 4550 Iohannes
708 4485 866 4546 diaconus
890 4482 1062 4545 cardinalis
1085 4490 1199 4544 sancte
1223 4480 1324 4543 Marie
1347 4478 1443 4542 Nove
1465 4498 1507 4540 ss.

329 4578 406 4641 Dat.
437 4577 597 4649 Laterani,
627 4595 686 4657 per
717 4593 848 4635 manum
880 4570 1053 4644 GERARDI,
1085 4580 1195 4655 sancte
1222 4571 1372 4632 Romane
1402 4568 1539 4631 ecclesie
1572 4566 1745 4649 presbiteri
1775 4585 1842 4627 car-

166 4670 283 4733 dinalis
315 4689 354 4732 ac
386 4664 636 4730 bibliothecarii.
675 4677 698 4724 v
727 4661 811 4724 Non.
832 4663 862 4743 a)
893 4663 1012 4724 Martii.
1072 4660 1253 4722 Indictione
1284 4671 1342 4722 v11.
1403 4658 1638 4720 Incarnationis
1676 4656 1843 4717 dominice

165 4781 254 4823 anno
278 4770 427 4821 Mcxun.
473 4755 684 4818 Pontificatus
707 4773 785 4815 vero
810 4753 923 4814 domni
948 4750 1100 4814 Celestini
1126 4749 1185 4811 ΡΡ.
1208 4763 1234 4812 11
1257 4769 1342 4811 anno
1367 4748 1482 4831 primo.

333 4871 376 4923 Or.
395 4871 451 4920 und
465 4869 589 4935 Absckrr's'l
605 4869 638 4917 im
656 4868 769 4917 Archrbr'o
790 4867 969 4930 capitularem
994 4865 1106 4914 lolem.

333 4945 377 4993 Or.
399 4943 467 5007 Perg.
487 4942 547 5001 ital,
572 4942 607 4990 br.
628 4943 715 5002 0,.586,
738 4942 799 5003 lang
817 4941 904 4998 0,755,
932 4945 1006 4986 umen
1024 4937 1102 4995 (1927
1121 4935 1309 5000 umgesclelogen,
1338 4933 1416 4982 durch
1439 4933 1496 4982 swei
1517 4932 1609 4980 Laeter
1629 4931 1687 4997 gelet
1708 4930 1847 4979 verschie'rzl

166 5020 216 5067 eine
234 5034 289 5066 rosa
309 5015 492 5072 Seidemchmer,
512 5029 597 5062 woeun
615 5012 740 5078 Bleriiegel
755 5010 802 5059 Ne.
813 5012 829 5058 3
847 5010 928 5075 ltingt.
966 5007 1076 5072 bleltung
1093 5008 1136 5056 dee
1152 5009 1249 5055 Bullen.
1288 5006 1399 5055 Initiale:
1416 5004 1624 5069 hervorgehobeeres
1642 5002 1809 5067 eingeknirktes
1824 5001 1845 5050 C

167 5090 213 5138 mil
229 5090 386 5154 eingeserreem
399 5088 428 5135 E.
466 5085 610 5135 Derhizme
628 5084 777 5146 desPapstes
794 5082 876 5130 istim
894 5097 922 5130 us
941 5080 1075 5129 abbrevir'rl.
1119 5080 1276 5144 Verewigung
1294 5077 1369 5127 Nm
1388 5075 1474 5134 llPr,
1493 5074 1844 5137 sturkbelent,fie'll10,085.

168 5162 206 5210 Im
225 5160 368 5223 Keuscripte
384 5157 443 5207 sind
459 5157 497 5206 die
516 5156 657 5222 Majieskeln
674 5156 756 5213 hetone,
782 5154 819 5202 die
840 5153 988 5217 Oberldergen
1005 5152 1110 5200 rr'endr'clr
1124 5151 1247 5216 gestreckt,
1272 5149 1387 5198 deeetlr'clee
1406 5146 1658 5211 Schreppensclmdrkel
1672 5146 1715 5194 der
1732 5145 1748 5205 l,
1768 5161 1785 5209 g
1803 5144 1848 5192 mit

167 5233 367 5298 Schlersensattel.
406 5228 550 5279 Zeilenwer'te
582 5229 659 5288 0,02;
695 5227 732 5275 die
755 5225 850 5291 Sclerr'jt
875 5241 944 5290 grass
974 5224 1029 5271 und
1058 5224 1084 5271 in
1111 5223 1157 5271 den
1189 5222 1284 5271 Worten
1311 5222 1365 5270 wer'l
1391 5236 1439 5269 von
1470 5219 1586 5268 einander
1613 5217 1720 5284 geriickt.
1769 5219 1846 5266 Anien

330 5483 356 5539 al
379 5479 440 5528 Erst
461 5479 537 5527 stnerd
559 5477 602 5528 Kl.
628 5477 666 5525 die
690 5473 801 5524 dadurck
823 5474 952 5539 gebildeten
975 5472 1055 5522 beiden
1078 5471 1176 5534 Sebaste
1198 5472 1238 5519 als
1260 5469 1298 5518 die
1324 5468 1363 5516 des
1385 5468 1409 5517 N
1434 5467 1568 5517 venerandi.
1660 5470 1695 5534 .1)
1722 5465 1845 5525 Brendike,

168 5554 272 5620 Br'schof
284 5569 334 5602 ven
359 5550 474 5610 Volnera,
498 5550 678 5607 rouo-1014,
697 5549 746 5613 vgl.
766 5547 908 5604 Ammiruto,
933 5545 1027 5594 Vercoui
1043 5544 1070 5592 de'
1092 5543 1198 5591 Volterra
1209 5550 1235 5605 p.
1251 5544 1298 5600 79‚·
1321 5540 1350 5589 G.
1371 5540 1489 5599 Leoncr'm',
1509 5539 1673 5588 Illustraeione
1691 5538 1718 5586 di
1741 5538 1847 5587 Volterra

163 5634 192 5690 p.
211 5629 270 5676 244.
383 5632 410 5689 2)
428 5623 569 5683 Hermann,
599 5622 780 5678 rone-1077,
805 5619 876 5682 vergi
898 5618 1040 5676 Amner'rato,
1071 5614 1166 5663 Vescovi
1188 5614 1215 5662 di
1237 5614 1350 5671 Volnera,
1364 5619 1391 5675 p.
1410 5613 1459 5670 83;
1489 5611 1519 5660 G.
1538 5611 1660 5672 Lemuied
1680 5610 1848 5659 Illustroerime

164 5706 192 5762 p.
208 5699 267 5759 248,
288 5698 351 5747 306.
425 5706 452 5761 3)
471 5696 556 5760 Roger,
576 5693 756 5742 1099-1131.
794 5689 929 5739 Ammiralo
941 5696 970 5753 p.
988 5690 1036 5750 88,
1055 5686 1170 5735 Leontini
1182 5693 1208 5749 p.
1231 5688 1271 5744 17,
1292 5686 1351 5742 120,
1371 5685 1431 5743 249,
1450 5684 1511 5733 290.
