3982 6194
1782 269 1821 346 85

153 446 190 508 ln
214 446 337 526 quibus
359 448 421 533 hec
443 449 585 530 propriis
609 449 760 512 duximus
782 451 996 531 exprimenda
1011 451 1196 514 vocabulis:
1229 457 1352 512 curtem
1367 450 1520 513 videlicet
1542 451 1584 514 de
1600 453 1822 533 Marcignan0‚

153 536 216 597 tria
249 536 442 601 molendina
481 539 572 600 iuxta
609 539 715 620 ipsum
746 540 987 614 monasterium,
1018 540 1185 603 castellum
1216 540 1317 602 sancti
1341 538 1509 602 Benedicti
1540 561 1613 603 curn
1644 553 1746 616 curte,
1776 543 1824 604 ius

153 635 299 688 vestrum
329 627 361 688 in
391 627 467 689 villa
498 629 600 690 sancti
624 628 767 713 Andree,
797 629 874 690 villa
897 628 1037 704 Castelli‚
1065 630 1236 714 ecclesiam
1258 630 1360 690 sancti
1385 629 1529 692 Cassiani
1559 651 1632 692 cum
1663 631 1767 712 burgo
1791 641 1824 694 et

155 716 234 776 ortis
267 716 343 790 suis,
376 717 530 796 quicquid
560 717 689 780 habetis
720 719 752 779 in
775 717 851 779 villa
874 719 976 780 sancti
1000 720 1094 794 Petri,
1127 719 1279 802 ecclesias
1311 719 1351 779 de
1374 718 1486 798 Plagia
1517 740 1590 781 curn
1621 720 1824 801 pertinentiis

155 804 229 878 suis,
264 804 437 867 ecclesiam
461 806 503 868 de
526 805 667 869 Castello
691 805 781 880 Falli,
813 808 968 888 quicquid
991 807 1120 870 habetis
1143 809 1174 868 in
1206 809 1292 869 curia
1315 806 1478 881 Puliciani,
1511 810 1665 889 quicquid
1696 809 1824 872 habetis

156 893 248 955 iuxta
279 893 413 955 fluvium
437 895 513 980 Else
540 895 582 957 ab
608 905 746 976 utroque
770 896 878 969 latere,
903 898 1058 977 quicquid
1079 898 1177 959 etiam
1193 917 1212 958 a
1227 895 1441 958 Wulterranis
1461 899 1624 978 episcopis
1640 899 1672 959 in
1690 899 1824 960 decimis

156 982 224 1044 sive
249 983 281 1045 in
307 983 377 1045 aliis
399 983 495 1046 vobis
518 986 674 1047 canonice
698 1005 888 1048 concessum
916 993 965 1048 est
995 997 1027 1048 et
1050 988 1171 1067 scripto
1195 1005 1307 1047 eorum
1331 984 1503 1048 firmatum.
1548 988 1697 1049 Preterea
1728 988 1825 1049 liceat

155 1071 261 1146 vobis,
296 1073 432 1135 clericos
455 1094 473 1135 e
495 1074 605 1158 seculo
639 1071 798 1154 fugientes
829 1075 880 1136 vel
905 1076 1005 1137 laicos
1030 1075 1148 1137 liberos
1177 1074 1301 1154 absque
1329 1074 1462 1136 alicuius
1492 1077 1750 1138 contradictione
1781 1075 1823 1137 ad

157 1161 407 1223 conversionem
429 1164 602 1243 suscipere.
648 1162 855 1244 Sepulturam
880 1184 1011 1245 quoque
1035 1165 1179 1226 eiusdem
1203 1164 1265 1225 loci
1290 1163 1424 1225 liberam
1452 1185 1522 1226 esse
1546 1165 1757 1237 decernimus,
1790 1175 1825 1226 ut

157 1269 279 1325 eorum,
313 1251 426 1330 quise
457 1252 521 1313 illic
551 1252 679 1333 sepeliri
709 1252 973 1327 deliberaverint,
1008 1254 1173 1315 devotioni
1207 1263 1240 1314 et
1271 1263 1416 1337 extreme
1446 1253 1615 1329 voluntati,
1648 1255 1707 1316 nisi
1740 1254 1824 1315 forte

157 1335 459 1422 excom(m)unicati
475 1340 527 1402 vel
544 1342 705 1403 interdicti
730 1342 855 1416 suerint,
880 1342 984 1404 nullus
1008 1342 1153 1415 obsistat,
1178 1342 1267 1403 salva
1283 1341 1403 1403 iustitia
1420 1344 1560 1404 matricis
1583 1342 1728 1427 ecclesie.
1759 1344 1822 1404 De-

158 1429 319 1489 cernimus
343 1448 430 1509 erg0,
455 1436 491 1490 ut
506 1430 582 1492 nulli
600 1432 734 1492 omnino
750 1429 919 1493 hominum
934 1432 1038 1506 liceat,
1062 1431 1224 1512 prelatum
1242 1432 1471 1492 monasterium
1494 1439 1616 1494 temere
1636 1432 1825 1512 perturbare

157 1525 211 1577 aut
240 1518 310 1581 eius
333 1519 558 1598 possessiones
580 1518 705 1581 auferre
736 1520 787 1582 vel
811 1520 938 1582 ablatas
960 1521 1112 1595 retinere,
1145 1521 1288 1581 minuere
1320 1529 1375 1580 aut
1404 1519 1565 1600 aliquibus
1595 1520 1825 1583 vexationibus

157 1605 303 1686 fatigare,
327 1614 377 1669 set
393 1608 503 1669 omnia
518 1609 642 1689 integra
665 1620 896 1672 conserventur
911 1630 1032 1684 eorum,
1056 1630 1116 1690 pro
1141 1628 1278 1688 quorum
1293 1608 1528 1688 gubernatione
1544 1618 1577 1671 et
1592 1611 1825 1672 sustentatione

157 1715 314 1757 concessa
337 1702 420 1769 sunt,
444 1696 555 1759 usibus
571 1699 769 1760 omnimodis
785 1698 962 1779 profutura,
986 1700 1075 1760 salva
1090 1699 1177 1760 sedis
1192 1698 1372 1782 apostolice
1396 1700 1588 1760 auctoritate
1604 1709 1636 1761 et
1660 1699 1824 1760 diocesani

156 1785 306 1866 episcopi
336 1787 494 1848 canonica
524 1787 654 1848 iustitia.
700 1786 735 1850 Si
765 1807 829 1868 qua
856 1789 952 1868 igitur
982 1789 1014 1849 in
1046 1787 1185 1849 futurum
1215 1787 1433 1871 ecclesiastica
1461 1788 1652 1872 secularisve
1676 1807 1824 1868 persona,

155 1874 240 1936 hanc
265 1884 376 1959 nostre
392 1876 631 1937 constitutionis
647 1877 801 1957 paginam
824 1878 938 1951 sciens,
956 1888 1069 1939 contra
1085 1897 1157 1938 earn
1174 1886 1295 1937 temere
1310 1877 1419 1937 venire
1441 1879 1656 1957 temptaverit,
1680 1878 1824 1962 secundo

156 1964 297 2026 tertiove
320 1965 529 2038 commonita,
553 1965 579 2026 si
603 1985 669 2026 non
693 1965 913 2028 satisfactione
936 1986 1079 2046 congrua
1103 1965 1331 2039 emendaverit,
1359 1967 1531 2044 potestatis
1554 1966 1753 2047 honorisque
1777 1967 1824 2028 sui

156 2053 319 2133 dignitate
343 2061 450 2115 careat
473 2074 627 2134 reamque
649 2075 684 2116 se
708 2054 819 2116 divino
843 2056 963 2117 iudicio
995 2057 1133 2117 existere
1157 2055 1198 2115 de
1220 2060 1407 2135 perpetrata
1437 2056 1607 2136 iniquitate
1638 2062 1825 2136 cognoscat,
1876 2086 1879 2090 ⁴

156 2152 188 2204 et
211 2162 232 2203 a
254 2143 474 2205 sacratissimo
502 2163 639 2224 corpore
669 2164 706 2205 ac
736 2145 892 2224 sanguine
922 2144 973 2206 dei
1004 2154 1037 2206 et
1067 2144 1200 2217 domini,
1233 2144 1448 2222 redemptoris
1479 2145 1578 2206 nostri
1602 2145 1672 2206 lesu
1697 2144 1824 2217 Christi,

155 2231 260 2293 aliena
284 2231 352 2306 fiat,
376 2241 475 2312 atque
498 2233 530 2293 in
554 2242 702 2294 extremo
727 2234 877 2295 examine
901 2233 1045 2295 districte
1069 2233 1182 2295 ultioni
1207 2232 1382 2294 subiaceat.
1429 2231 1561 2296 Cunctis
1576 2241 1693 2308 autem,
1718 2235 1825 2295 eidem

155 2320 229 2382 loco
255 2321 341 2383 iusta
362 2321 574 2396 servantibus
599 2323 641 2384 sit
664 2343 731 2403 pax
755 2322 878 2384 domini
903 2323 1004 2385 nostri
1020 2323 1091 2384 lesu
1107 2322 1233 2395 Christi,
1259 2322 1409 2402 quatinus
1426 2330 1458 2384 et
1477 2322 1529 2385 hic
1554 2323 1690 2384 fructum
1712 2319 1717 2404 1
1738 2323 1825 2407 bone

154 2410 296 2471 actionis
324 2411 508 2491 percipiant
537 2418 570 2472 et
599 2411 687 2492 apud
717 2411 895 2473 districtum
921 2412 1061 2473 iudicem
1085 2411 1210 2492 premia
1232 2422 1341 2496 eterne
1374 2412 1463 2489 pacis
1487 2413 1660 2474 inveniant.
1706 2411 1825 2474 Amen.

153 2497 276 2561 A—m.
300 2499 422 2561 Amen.
446 2534 490 2543 —

373 2585 429 2671 (R)
453 2589 526 2670 Ego
549 2587 715 2668 Eugenius
738 2588 898 2674 catholice
921 2589 1056 2674 ecclesie
1080 2589 1254 2669 episcopus
1277 2610 1317 2650 ss.
1341 2589 1402 2667 (M)

373 2674 393 2758 †
416 2678 489 2757 Ego
512 2677 752 2740 Theodewinus
774 2686 885 2740 sancte
907 2678 1025 2740 Rufine
1048 2679 1223 2759 episcopus
1245 2698 1286 2739 ss,

373 2763 394 2847 †
416 2767 489 2847 Ego
513 2766 685 2830 Albericus
708 2768 892 2829 Hostiensis
916 2769 1090 2847 episcopus
1112 2788 1153 2829 ss

374 2851 395 2936 †
418 2856 491 2936 Ego
514 2856 637 2918 Imarus
659 2857 862 2919 Tusculanus
885 2858 1059 2937 episcopus
1082 2877 1122 2918 ss.
1147 2856 1193 2934 (2)

374 2945 513 3025 —Ego
537 2944 646 3008 Guido
670 2945 831 3025 presbiter
854 2946 1025 3007 cardinalis
1047 2947 1095 3008 tit.
1120 2945 1222 3007 sancti
1247 2944 1420 3025 Grisogoni
1444 2965 1483 3005 ss.

374 3033 396 3109 †
418 3034 490 3114 Ego
514 3033 686 3096 Hubaldus
709 3034 869 3114 presbiter
892 3034 1063 3096 cardinalis
1086 3035 1133 3096 tit.
1157 3044 1342 3096 sanctorum
1366 3033 1519 3096 Iohannis
1543 3043 1576 3096 et
1598 3034 1686 3095 Pauli
1710 3054 1750 3095 ss

375 3119 448 3202 Ego
472 3122 581 3186 Guido
605 3123 766 3203 presbiter
788 3124 958 3186 cardinalis
982 3125 1029 3186 tit.
1052 3134 1237 3186 sanctorum
1260 3124 1424 3185 Laurentii
1449 3133 1482 3185 et
1504 3124 1639 3185 Damasi
1664 3144 1705 3186 ss.

375 3211 448 3292 Ego
472 3212 571 3293 Hugo
594 3212 754 3293 presbiter
775 3214 823 3275 tit.
849 3213 881 3275 in
904 3214 1029 3275 Lucina
1051 3234 1091 3274 ss.

376 3301 449 3380 Ego
472 3299 571 3362 Iulius
594 3300 753 3381 presbiter
776 3300 946 3363 cardinalis
968 3303 1015 3363 tit.
1039 3302 1140 3363 sancti
1165 3299 1307 3363 Marcelli
1330 3320 1371 3361 ss,

375 3389 454 3450 EGO
477 3389 586 3453 Guido
609 3391 770 3471 presbiter
792 3390 963 3453 cardinalis
987 3392 1034 3453 tit.
1057 3391 1199 3452 Pastoris
1221 3411 1262 3452 ss,

377 3513 420 3524 -
444 3475 464 3558 †
487 3480 560 3560 Ego
584 3479 684 3543 Oddo
710 3481 865 3542 diaconus
889 3481 1061 3542 cardinalis
1085 3481 1186 3542 sancti
1212 3479 1343 3559 Georgii
1368 3479 1410 3540 ad
1432 3477 1551 3540 Velum
1576 3498 1707 3540 aureum
1729 3499 1769 3540 ss.

376 3568 397 3645 †
420 3568 492 3648 Ego
517 3566 716 3631 Octavianus
740 3569 896 3631 diaconus
921 3569 1093 3631 cardinalis
1116 3570 1218 3631 sancti
1242 3568 1370 3631 Nicolai
1401 3569 1433 3630 in
1465 3588 1591 3630 carcere
1614 3567 1765 3630 Tulliano
1789 3588 1829 3630 ss

379 3657 400 3734 †
423 3658 496 3737 Ego
519 3658 680 3720 lohannes
704 3657 860 3720 diaconus
884 3658 1054 3720 cardinalis
1078 3659 1180 3720 sancti
1204 3658 1343 3719 Adriani
1365 3678 1405 3719 ss

379 3742 400 3827 †
424 3745 495 3826 Ego
518 3746 680 3808 Iohannes
703 3746 859 3809 diaconus
882 3748 1053 3809 cardinalis
1076 3759 1187 3832 sancte
1210 3747 1312 3808 Marie
1336 3746 1431 3808 Nove
1453 3766 1493 3807 ss.

380 3832 400 3914 †
424 3836 496 3916 Ego
520 3834 628 3898 Guido
653 3835 808 3898 diaconus
832 3836 1003 3898 cardinalis
1026 3846 1137 3898 sancte
1161 3837 1263 3898 Marie
1286 3837 1317 3897 in
1341 3835 1470 3897 Porticu
1494 3855 1533 3896 ss.

380 3920 401 4005 'r
424 3924 496 4004 Ego
519 3925 659 3987 lacintus
682 3925 839 3987 diaconus
863 3925 1034 3987 cardinalis
1057 3935 1168 3987 sancte
1192 3925 1294 3987 Marie
1318 3925 1349 3985 in
1374 3924 1566 4004 Cosmydyn
1589 3944 1630 3984 ss.

324 4013 402 4074 Dat.
427 4013 515 4094 apud
544 4024 692 4076 sanctum
716 4013 900 4088 Genesium,
930 4034 990 4095 per
1012 4034 1143 4076 manum
1168 4013 1355 4086 GUIDONIS,
1386 4020 1497 4095 sancte
1520 4014 1669 4097 Romane
1693 4012 1829 4098 ecclesie

163 4099 294 4162 diaconi
320 4101 493 4163 cardinalis
516 4112 549 4164 et
571 4103 761 4166 cancellarii.
808 4116 857 4166 vll
879 4104 955 4166 Idus
977 4103 1072 4165 Febr.
1117 4103 1299 4165 Indictione
1321 4115 1355 4163 x.
1401 4100 1636 4164 lncarnationis
1667 4102 1830 4188 dominice

163 4208 251 4251 anno
275 4200 423 4253 Mchvl.
469 4191 679 4254 Pontificatus
701 4212 779 4254 vero
803 4192 914 4254 domni
939 4193 1092 4254 EUGENII
1115 4206 1153 4254 111
1176 4212 1263 4272 pape
1286 4211 1372 4252 anno
1396 4205 1430 4253 11.

329 4303 373 4353 Or.
392 4303 508 4368 (Riform.
527 4307 577 4354 Art.
591 4305 660 4369 publ.
679 4307 747 4354 1146
766 4305 817 4355 Feb.
839 4310 874 4367 7),
893 4305 925 4353 im
943 4306 1055 4354 Archivio
1073 4305 1100 4353 di
1115 4305 1182 4353 State
1199 4322 1228 4352 au
1246 4303 1351 4352 Horma.

329 4375 398 4440 Perg.
417 4376 477 4436 itae,
500 4377 537 4426 br.
556 4379 638 4437 ome,
662 4379 722 4442 lang
739 4378 806 4436 0,59,
832 4377 877 4425 das
897 4377 1094 4442 Umgescblagem
1111 4377 1295 4441 abgcscbnitten‚
1320 4376 1397 4423 drerclr
1415 4375 1472 4423 κυεῖ
1488 4375 1581 4424 Leclm
1593 4376 1654 4441 ging
1672 4376 1708 4424 die
1725 4376 1830 4435 Sclmur,

163 4445 251 4494 welche
279 4445 325 4493 mir
348 4447 401 4495 dem
426 4448 549 4513 Bler'siegel
568 4450 684 4497 verloren.
721 4449 829 4514 Faltrmg
851 4450 894 4498 der
916 4450 1014 4497 Bellen.
1050 4449 1161 4496 Initiule:
1187 4448 1256 4495 leidrt
1280 4448 1387 4495 verzierte
1413 4447 1572 4510 Unaialsorm.
1610 4448 1658 4496 Die
1688 4447 1764 4495 Worte
1790 4449 1832 4496 der

163 4525 240 4565 ersten
269 4517 333 4566 Zeile
361 4519 420 4566 n'erd
442 4519 599 4568 ausreichend
617 4527 740 4584 getrennt,
774 4521 810 4568 die
833 4521 844 4569 (
865 4521 921 4568 renel
945 4527 969 4568 ct
995 4520 1079 4568 weisen
1105 4520 1258 4583 ureitgeliende
1285 4518 1555 4581 Spitzwickelsclmiirkel
1576 4519 1630 4582 mes.
1678 4519 1832 4584 Verewr'grmg

164 4588 211 4637 Nr.
233 4589 281 4638 dhe
303 4589 379 4648 Plofl,
390 4591 459 4654 fiillt
476 4593 545 4649 0‚08.
582 4592 630 4639 Die
647 4591 741 4655 Schn's?
757 4592 797 4640 des
814 4591 993 4655 Hauptkerpers
1010 4591 1065 4639 sehr
1080 4592 1172 4648 sazeber,
1191 4591 1257 4638 wird
1269 4605 1343 4655 gegm
1363 4590 1432 4638 Ende
1449 4591 1626 4655 weitlduslrger,
1651 4605 1669 4652 g
1686 4591 1730 4637 mii
1745 4590 1832 4638 Lr'nks·

164 4659 402 4720 ueckeeschnarkelm
420 4679 462 4709 um
481 4662 517 4710 die
534 4662 595 4711 Zeile
616 4679 646 4710 zu
662 4663 784 4711 selliessen
803 4663 833 4711 is!
850 4665 892 4711 der
908 4663 995 4727 Schast
1011 4663 1050 4711 des
1068 4679 1083 4710 a
1100 4663 1163 4709 nael
1180 4661 1255 4710 reclus
1278 4664 1422 4725 vcrldngert.
1455 4661 1636 4709 Zeilensclzlie'sse
1652 4661 1766 4709 wechseln
1784 4678 1832 4709 von

164 4733 355 4790 0,032-0‚04.
391 4733 630 4793 Zeilenweile0,019.
665 4736 741 4783 Amen
754 4735 800 4786 Ne.
815 4734 875 4782 71².
912 4737 974 4782 Rota
992 4735 1040 4783 Nr.
1055 4737 1076 4791 1,
1095 4734 1127 4781 im
1146 4733 1321 4782 Durclimesser
1337 4735 1423 4792 0,054,
1442 4749 1489 4780 von
1507 4732 1549 4780 der
1566 4735 1647 4780 letzim
1666 4732 1727 4781 Zeile
1743 4734 1831 4792 0,008‚

165 4818 212 4849 von
238 4804 282 4852 der
303 4804 384 4852 linem
408 4806 488 4853 Kame
506 4806 593 4864 0,078,
618 4821 672 4853 vom
700 4805 866 4871 Mmgramm
886 4808 971 4864 0226.
1009 4805 1177 4870 Menogramm
1196 4805 1242 4852 Nr.
1263 4804 1479 4863 60,l10ch0,055,
1505 4804 1564 4852 bref!
1580 4804 1612 4851 im
1631 4803 1727 4867 K'o'rper
1744 4805 1830 4863 0,035,

163 4876 275 4922 vender
290 4875 386 4923 rechten
404 4876 485 4925 Konte
502 4879 572 4935 0,11.
609 4877 743 4943 Ringlereuz
759 4878 814 4925 und
833 4876 994 4941 Unttrschris!
1018 4877 1092 4941 tergm
1110 4877 1190 4924 Hand
1211 4876 1266 4923 und
1281 4877 1356 4925 Dinle
1365 4877 1419 4940 [τὶν
1435 4874 1498 4932 sicle,
1523 4891 1546 4923 es
1568 4875 1657 4923 selein!
1673 4876 1711 4922 die
1727 4891 1756 4922 ru
1773 4876 1830 4934 sein,

165 4946 254 4994 welche
272 4945 398 4995 Guidonis
415 4947 441 4995 in
461 4949 506 4996 der
522 4948 650 5012 Dalimng
673 4949 807 5013 nachlmg,
832 4950 891 4998 diere
915 4956 980 4997 ronst
1001 4965 1055 4996 vom
1074 4948 1362 5011 Hauptkiirpersdzreibcr.
1404 4947 1539 5011 Umsclrrist
1562 4947 1649 4996 nimmt
1665 4945 1714 4994 sich
1732 4963 1778 4994 ares
1794 4949 1832 4995 als

165 5017 251 5067 dellere
268 5018 345 5067 Dinte
362 5018 406 5066 wei
424 5019 460 5067 die
482 5019 628 5084 Umgebung.
664 5021 712 5068 Die
725 5020 932 5087 Presbyterfirmen
942 5020 1040 5085 filleren
1057 5036 1140 5067 ausser
1157 5019 1200 5067 der
1217 5018 1329 5066 lbrbulds
1346 5018 1398 5067 kein
1417 5018 1505 5077 Kreuz,
1524 5018 1556 5066 sie
1572 5019 1629 5067 sind
1645 5020 1691 5067 alle
1708 5019 1752 5065 mit
1769 5017 1833 5066 einer

165 5089 221 5136 und
235 5090 354 5138 derselben
372 5089 447 5138 Dinle
463 5090 594 5155 hergestellt
611 5092 666 5139 und
680 5092 800 5156 erffntbar,
827 5100 885 5140 erola
899 5092 1012 5157 gewz'sser
1029 5091 1266 5153 Individualisimng
1281 5106 1328 5137 vim
1350 5090 1452 5154 gleicher
1470 5090 1552 5138 Hand.
1590 5091 1645 5138 Das
1662 5089 1832 5138 Hubaldkrerez

165 5162 196 5208 ist
212 5162 267 5209 dieb
284 5163 341 5210 und
355 5161 445 5210 scheint
460 5177 507 5210 von
525 5163 653 5211 dunklerer
669 5163 744 5211 Οἰκία
761 5163 929 5212 lemurr'e'lzren.
968 5163 1014 5211 Die
1032 5163 1142 5226 Bischdse
1168 5162 1268 5209 wrerden
1292 5161 1405 5210 awischen
1428 5162 1473 5210 den
1494 5162 1612 5210 Prieslmi
1637 5162 1692 5208 und
1707 5161 1832 5209 Diakomn

165 5233 341 5298 eingeklemmt,
371 5233 397 5281 Τ
392 5232 512 5282 deoderici
535 5234 608 5282 ratri
628 5250 681 5282 vom
696 5233 912 5283 Prieslersclrreiber
928 5235 977 5292 lter,
997 5235 1040 5282 der
1057 5236 1107 5282 also
1116 5234 1211 5297 sriiler
1227 5234 1340 5290 arbeitete,
1358 5232 1420 5281 arech
1432 5233 1483 5280 hier
1499 5248 1554 5280 avar
1570 5232 1615 5280 das
1627 5233 1707 5281 Kretea
1725 5232 1833 5296 ansangs

165 5307 321 5370 weggelassen
351 5305 407 5352 und
432 5305 516 5353 wurdt
542 5306 609 5353 donn
635 5306 841 5370 iibergesckrieben.
878 5307 927 5355 Die
950 5305 1029 5354 beiden
1054 5306 1161 5354 wederen
1179 5304 1289 5369 Bisclilffe
1315 5305 1381 5353 wohl
1399 5320 1445 5352 von
1466 5304 1571 5368 gleicher
1587 5304 1671 5354 Hand.
1707 5303 1776 5352 Auca
1800 5304 1836 5352 bei

166 5377 274 5426 alberice
301 5377 348 5425 dae
374 5375 456 5424 Krene
482 5377 692 5443 ie'bcrgesclrrieben.
736 5378 785 5426 Die
811 5377 951 5434 Diakmm,
983 5392 1066 5425 ausser
1097 5385 1157 5425 eleva
1187 5375 1304 5424 Octavian
1325 5377 1381 5424 rand
1409 5375 1534 5439 Johanms
1559 5375 1650 5437 (Marie
1674 5380 1742 5442 trove)
1771 5375 1837 5423 wohl

165 5464 211 5496 ven
228 5449 347 5497 derseffien
365 5448 451 5508 Hand,
474 5449 532 5497 se'nd
546 5465 591 5497 vor
608 5450 660 5497 dem
679 5447 859 5514 Monogramnu
876 5466 905 5497 eu
923 5450 993 5498 Ende
1014 5449 1133 5512 gebracht.
1174 5447 1315 5512 Unnioglich
1334 5452 1399 5496 uuirt
1422 5447 1495 5505 nicht,
1521 5448 1577 5495 dass
1595 5448 1631 5496 die
1651 5447 1834 5496 Priesterkreuu

146 5521 230 5569 -dicht
245 5537 281 5570 an
299 5521 344 5570 der
359 5519 442 5568 linem
458 5520 540 5569 Kante
556 5520 664 5580 standon,
682 5520 720 5568 die
736 5519 929 5585 weggeschnitlm
947 5520 1038 5579 meede,
1057 5520 1099 5568 der
1116 5519 1179 5567 linke
1196 5520 1273 5567 Rand
1290 5520 1357 5568 mim
1372 5536 1424 5568 nur
1440 5535 1459 5567 c.
1474 5520 1543 5577 0,02.
