3982 6194
155 247 197 322 84

153 443 269 516 gentes
291 433 465 509 extiterint,
497 433 593 497 liceat
614 436 718 513 vobis,
743 437 775 500 in
799 458 856 500 eos
880 437 1071 500 canonicam
1094 437 1288 500 sententiam
1319 437 1534 518 promulgare.
1580 431 1822 498 Nichilominus

156 524 253 586 etiam
283 523 459 598 abbatiam,
492 543 555 611 que
579 525 726 588 Munstar
742 523 769 608 1)
799 526 923 602 dicitur,
953 526 1082 611 abone
1105 527 1261 611 memorie
1284 526 1473 588 LOTHARIO
1506 526 1702 606 imperatore
1724 520 1821 583 vobis

155 612 316 688 traditam,
347 631 421 674 cum
444 613 581 697 ecclesia
607 614 694 677 beati
718 616 813 698 Xysti
845 616 980 696 aliisque
1010 616 1162 701 ecclesiis,
1185 614 1269 677 villis
1293 621 1325 677 et
1348 614 1508 690 omnibus,
1539 615 1582 676 ad
1613 615 1719 695 ipsam
1750 630 1820 691 per-

154 701 345 778 tinentibus,
374 700 640 783 Babenbergensi
663 705 797 790 ecclesie
821 703 1050 767 confirmamus
1079 704 1240 786 vobisque
1269 704 1389 785 pariter
1416 703 1625 766 concedimus
1656 701 1820 774 ecclesias,

154 810 218 876 que
241 792 324 853 inter
345 790 504 853 barbaros
526 792 587 877 site
609 803 684 855 sunt
707 803 740 856 et
762 814 822 875 per
842 794 1024 880 venerande
1048 793 1203 879 memorie
1227 792 1356 855 sratrem
1386 800 1539 867 nostrum,
1564 792 1724 856 Ottonem
1749 809 1820 870 pre·

155 878 359 942 decessorem
381 889 481 957 tuum,
505 900 526 942 a
547 882 697 961 squalore
720 890 846 967 vetuste
868 883 1057 963 gentilitatis
1081 882 1123 944 ad
1140 902 1288 944 normam
1304 881 1546 944 christianitatis
1562 891 1595 943 et
1611 878 1820 960 disciplinam

155 969 407 1055 ecclesiasticam
423 979 497 1032 sunt
513 990 667 1056 converse
684 971 726 1034 ad
742 972 900 1034 honorem
917 972 968 1034 dei
986 972 1176 1034 auctoritate
1192 981 1303 1056 sancte
1318 972 1468 1057 Romane
1483 970 1618 1056 ecclesie
1635 967 1820 1043 ordinandi,

155 1058 262 1120 donec
286 1058 349 1120 deo
373 1058 517 1139 propitio
542 1059 736 1122 catholicum
759 1071 791 1123 et
814 1062 982 1142 proprium
1006 1062 1198 1142 episcopum
1221 1061 1404 1123 sortiantur.
1449 1059 1504 1122 Ad
1534 1059 1665 1121 maioris
1688 1059 1822 1138 insuper

157 1146 381 1210 familiaritatis
410 1158 444 1210 et
473 1148 654 1211 dilectionis
686 1150 883 1212 evidentiam
912 1151 997 1212 intra
1016 1146 1044 1233 a)
1076 1150 1231 1212 terminos
1261 1148 1543 1230 Babenbergensis
1578 1147 1714 1234 ecclesie
1745 1155 1821 1208 ante

157 1235 273 1298 faciem
295 1244 385 1298 tuam
409 1257 537 1299 crucem
559 1239 680 1319 portari
705 1239 922 1312 concedimus
946 1239 1035 1301 salva
1057 1239 1143 1301 sedis
1167 1238 1348 1324 apostolice
1370 1239 1562 1300 auctoritate
1578 1246 1611 1299 et
1628 1236 1821 1321 Maguntine

156 1326 347 1406 metropolis
370 1327 557 1389 reverentia.
602 1326 658 1389 Ad
682 1328 837 1390 indicium
865 1337 982 1403 autem,
1016 1328 1104 1410 quod
1128 1328 1411 1409 Babenbergensis
1440 1327 1553 1389 civitas
1575 1325 1762 1407 specialiter
1784 1345 1821 1386 ac

156 1416 288 1496 proprie
311 1415 400 1477 beati
415 1415 500 1477 Petri
525 1415 599 1478 iuris
622 1417 747 1492 existat,
772 1437 892 1498 equum
915 1437 1015 1478 unum
1039 1416 1157 1491 album,
1181 1416 1266 1478 bene
1290 1426 1437 1496 aptatum
1461 1436 1499 1478 ac
1521 1415 1706 1489 faleratum,
1724 1413 1822 1475 nobis

156 1504 339 1585 nostrisque
361 1504 601 1567 successoribus
623 1506 715 1567 annis
737 1506 870 1587 singulis
893 1507 1094 1587 persolvetis,
1119 1505 1248 1586 qualem
1273 1503 1387 1567 deceat
1405 1500 1605 1589 Rolmanum
1628 1501 1821 1585 pontificem

157 1592 189 1653 in
212 1592 476 1673 processionibus
499 1602 554 1655 aut
577 1595 675 1656 etiam
698 1594 762 1656 alio
787 1604 936 1675 ternpore
959 1596 1104 1676 equitare
1106 1628 1571 1657 ..........

368 1681 423 1759 (R)
446 1682 519 1762 Ego
544 1683 707 1764 Eugenius
731 1683 889 1770 catholice
913 1684 1048 1770 ecclesie
1071 1685 1246 1765 episcopus
1269 1703 1310 1745 ss.
1334 1682 1396 1761 (M)

314 1770 392 1832 Dat.
416 1769 553 1846 Viterbi,
576 1792 636 1853 per
658 1792 790 1834 manum
815 1822 821 1834 .
847 1823 852 1836 .
878 1823 883 1835 .
903 1772 943 1852 b),
973 1784 1085 1836 sancte
1107 1774 1257 1835 Romane
1281 1773 1415 1835 ecclesie
1439 1771 1567 1835 diaconi
1592 1771 1767 1835 cardinalis
1790 1782 1822 1834 et

157 1859 347 1922 cancellarii.
385 1858 479 1922 11Kl.
500 1859 566 1923 lan.
604 1862 786 1924 Indictione
809 1876 841 1924 x.
880 1862 1114 1925 lncarnationis
1138 1862 1301 1948 dominice
1325 1882 1411 1924 anno
1427 1873 1571 1925 MCXLVI.
1608 1862 1820 1924 Pontificatus

156 1969 233 2011 vero
258 1948 371 2011 domni
394 1950 536 2030 Eugenii
559 1967 597 2011 111
619 1971 675 2032 pp.
699 1970 786 2014 anno
809 1968 842 2014 11.
866 1987 909 1998 -

320 2063 361 2111 Or.
382 2062 415 2109 r'm
432 2061 585 2126 allgemrincn
602 2063 782 2114 Reirhsarchive
799 2081 828 2113 ru
847 2064 980 2113 Mhnchrn.

317 2133 386 2199 Perg.
405 2134 465 2192 alal,
483 2134 518 2182 br.
538 2135 722 2194 O,61-O,616,
746 2136 1094 2202 lan30,555,1enteno‚032
1119 2136 1306 2202 mngcschlagen.
1344 2137 1398 2185 Das
1418 2137 1560 2202 Prrgamerrt
1581 2137 1672 2186 schein!
1687 2140 1821 2201 urspriing·

157 2204 204 2253 lr'ch
214 2205 268 2268 fiir
286 2204 465 2271 Zeugenfirmen
487 2205 606 2254 hererhnet
623 2221 729 2271 gavesen
753 2224 782 2256 zu
805 2209 861 2266 sein,
888 2208 924 2257 dr'e
941 2209 1009 2256 dann
1032 2207 1184 2273 wrghlr'cbar;
1211 2208 1306 2257 deshalb
1322 2209 1366 2256 das
1384 2208 1594 2257 Missverhhltm'ss
1617 2209 1661 2258 der
1678 2208 1758 2257 Brer'rc
1779 2224 1822 2256 rur

157 2277 248 2342 Lange.
284 2277 371 2326 Durch
389 2277 446 2325 κυνί
462 2276 553 2325 La'cher
564 2278 622 2343 geht
638 2279 675 2326 die
691 2294 746 2327 rasa
764 2281 819 2328 und
830 2280 951 2345 galdgelbe
968 2279 1119 2344 dr'r'rmsh'dr'ge
1136 2279 1318 2339 Seidrrrschnur,
1337 2296 1422 2329 worarr
1438 2281 1482 2329 das
1500 2280 1625 2345 Bleiriegcl
1638 2279 1685 2329 Nr.
1705 2284 1721 2328 4
1740 2279 1821 2344 hdngl.

158 2347 264 2412 Fallung
275 2348 318 2396 der
327 2350 423 2397 Bullen.
449 2348 560 2397 Im'tr'alr:
580 2349 732 2414 Unrrallarm
743 2350 791 2414 ties
794 2351 921 2416 gebrachret,
946 2351 1101 2417 Verrwr'grmg
1110 2350 1157 2400 Nr.
1166 2354 1229 2411 60⁹,
1241 2355 1301 2417 lang
1311 2354 1396 2411 ΟΜ.
1421 2352 1469 2400 Die
1488 2351 1565 2400 Worte
1580 2352 1606 2400 in
1618 2352 1661 2401 der
1671 2359 1749 2400 ersten
1762 2351 1820 2399 Zer'le

157 2420 191 2467 bis
208 2436 238 2467 zu
255 2421 331 2478 0,017
350 2421 522 2479 ameinandrr,
543 2436 617 2486 ἕνεκα
634 2421 705 2470 Endc
722 2423 789 2471 mehr
806 2425 844 2471 als
861 2439 890 2471 ru
907 2424 1023 2488 Anjang,
1049 2439 1091 2471 ανκ
1109 2422 1146 2470 die
1164 2422 1225 2472 Zeila
1242 2440 1272 2471 au
1281 2425 1374 2489 fallen.
1411 2423 1581 2487 Hauptkhrper
1602 2424 1689 2472 saaber
1711 2423 1768 2470 und
1776 2429 1822 2486 gra

154 2490 313 2556 geschrr'cben,
341 2490 481 2555 Majushrln
506 2491 569 2539 nach
595 2493 697 2541 starkem
724 2494 817 2543 Punkte
843 2495 919 2544 belant
943 2494 1000 2543 oa'rr
1022 2493 1170 2559 doppellr'mg.
1207 2497 1269 2544 h'ata
1286 2494 1333 2543 Nr.
1354 2499 1376 2555 1,
1404 2495 1577 2544 Durchmesser
1593 2496 1680 2555 0,062,
1707 2509 1755 2542 von
1781 2494 1823 2543 διν

158 2564 238 2610 lemen
263 2562 323 2611 Zcr'le
348 2562 477 2611 abstehmd
491 2564 585 2622 qood,
613 2580 660 2612 van
686 2564 729 2614 der
753 2566 834 2614 linken
859 2567 939 2615 Kame
963 2567 1047 2625 0,13h,
1072 2581 1126 2613 vom
1154 2565 1334 2632 Marwgrammr
1352 2567 1418 2625 024,
1445 2582 1493 2614 von
1517 2567 1560 2615 der
1583 2566 1711 2631 Datinmg
1735 2566 1820 2624 0,037.

160 2632 327 2698 Morwgramm
352 2634 398 2683 Nr.
424 2637 465 2692 6⁰,
490 2634 576 2683 halante
603 2635 704 2697 Strirhc,
733 2637 770 2684 die
792 2637 913 2686 thailwrise
945 2638 1036 2701 dappelt
1062 2637 1171 2696 werden,
1199 2639 1257 2686 brrit
1282 2639 1356 2697 0‚05,
1383 2637 1443 2686 harh
1469 2640 1559 2699 0,061,
1584 2655 1631 2686 aon
1654 2638 1698 2687 der
1732 2637 1822 2685 rechten

159 2705 240 2754 Κακία
263 2707 345 2764 0,125.
382 2705 517 2771 Ringhrruz
540 2706 596 2754 und
620 2708 783 2772 Umerschrr'st
807 2724 854 2757 von
875 2708 980 2774 gleicher
1002 2707 1083 2756 Hand
1106 2709 1161 2756 und
1177 2710 1258 2758 Dirae.
1298 2708 1433 2772 Unrschrisl
1458 2710 1573 2759 dunklrrr
1597 2709 1672 2758 Dinte
1687 2709 1742 2772 sitr
1765 2707 1821 2760 sich.

159 2777 286 2843 Datimng
302 2778 368 2825 wohl
380 2792 435 2826 vam
454 2777 576 2826 Schrer‘ber
592 2779 632 2827 des
649 2779 834 2842 Hauplhhrprrs.
872 2780 1005 2845 Liniirung
1027 2780 1062 2827 bis
1079 2796 1109 2827 arr
1127 2780 1172 2828 den
1190 2780 1348 2839 Seilenlinr'en,
1370 2781 1518 2845 gnadhnlich
1537 2781 1641 2829 dariaer
1657 2795 1723 2846 weg,
1752 2787 1824 2827 unlrn

159 2848 194 2896 bis
219 2848 266 2896 r'n's
287 2849 489 2914 Unrgrrchlagenc.
511 2877 542 2886 -
562 2849 617 2898 Hir
642 2851 678 2899 dir
700 2850 799 2898 Chartr‘h
821 2852 852 2900 ist
876 2851 935 2900 dicre
956 2851 1073 2900 Urhunde
1097 2851 1123 2899 in
1148 2867 1173 2899 ro
1187 2853 1252 2915 seru
1275 2853 1425 2912 interessent,
1453 2854 1490 2900 als
1513 2852 1546 2901 sie
1565 2869 1595 2900 ru
1618 2852 1663 2900 den
1687 2851 1824 2916 urrsmr'grn

149 2919 247 2984 'gehhrt
266 2935 289 2969 es
298 2920 385 2982 schlen
403 2920 469 2968 nicht
485 2937 536 2968 mer
552 2921 599 2969 alle
617 2921 819 2986 Schlmffmmeln
837 2923 877 2971 des
894 2923 1053 2986 Konscrr'ptes,
1071 2922 1174 2971 sandern
1191 2923 1254 2971 auch
1272 2923 1309 2971 die
1325 2925 1410 2983 Amen,
1428 2940 1463 2972 an
1479 2925 1549 2973 derra
1567 2924 1631 2972 Starr
1639 2923 1715 2987 stin]
1724 2923 1826 2985 Dopprl·

160 2990 303 3054 r'r'bersrmkte
323 2999 407 3058 grsrtat
428 2992 491 3040 sind.
526 2992 557 3040 In
575 2992 618 3040 der
634 2993 761 3058 Dalimng
775 2994 844 3057 fehlt
867 2995 910 3043 der
926 2994 1011 3043 Namr.
1052 2993 1167 3059 Offcrrbar
1182 3002 1260 3043 tratm
1282 2995 1383 3044 Grir'nde
1399 2994 1448 3054 cin,
1473 2994 1669 3044 wahrschcirrlirh
1688 2993 1826 3059 drhrrgmde

159 3061 253 3111 Ahrea'rr
269 3062 326 3112 oder
341 3063 494 3129 dergler'chm,
512 3063 597 3112 welche
614 3065 680 3113 einen
698 3064 882 3130 berchleum‘gtm
901 3065 1029 3115 Abrchlurs
1046 3065 1086 3113 das
1103 3066 1215 3115 Erlasres
1232 3066 1315 3132 nathig
1330 3066 1447 3116 trrarhten.

914 3404 982 3478 Nr.
1014 3405 1074 3477 83.

163 3561 277 3644 Eugen
293 3559 358 3625 III
369 3561 486 3624 rimant
505 3560 566 3623 das
591 3558 721 3623 Kloster
735 3559 840 3624 Santra
856 3562 1002 3626 Mariae
1018 3562 1086 3626 San
1109 3562 1256 3645 Sepulcra
1272 3562 1330 3644 (D.
1357 3559 1517 3638 Valterra)
1541 3561 1578 3624 in
1597 3559 1829 3644 apostalzschen

456 3649 573 3713 δικαία
594 3650 664 3713 and
686 3648 838 3731 bestatigt
858 3650 926 3714 ihm
948 3653 1035 3716 scine
1058 3651 1295 3716 Besiarhamer
1316 3652 1384 3715 aad
1405 3650 1531 3715 Rechtr.

686 3793 772 3853 1147
787 3791 933 3855 Febmar
947 3795 975 3856 7.
1021 3793 1088 3857 San
1114 3792 1248 3856 Genesio
1265 3793 1304 3873 ⁹).

323 3935 487 4015 Eugenius
511 3935 693 4015 episcopus
717 3954 825 3997 servus
849 3956 1014 3999 servorum
1039 3937 1100 4012 dei,
1125 3936 1250 3999 dilectis
1274 3934 1346 3997 filiis
1369 3934 1472 4009 Helie,
1504 3932 1616 3995 abbati
1641 3934 1831 3995 monasterii

164 4035 275 4112 sancte
292 4025 393 4109 Marie
418 4033 451 4086 et
473 4025 576 4086 sancti
592 4023 761 4104 Sepulchri
787 4024 827 4085 de
843 4026 950 4088 Fonte
973 4027 1117 4088 Pinzaria
1133 4024 1167 4100 ³),
1192 4026 1325 4105 eiusque
1350 4023 1508 4098 fratribus,
1533 4031 1601 4084 tam
1624 4022 1832 4103 presentibus

165 4136 263 4196 quarn
279 4113 400 4189 suturis,
425 4113 602 4194 regularem
619 4114 720 4174 vitam
742 4112 897 4194 professis
913 4127 951 4176 ΙΝ
967 4127 1043 4176 PPM.
1060 4150 1102 4159 —
1122 4111 1127 4196 1
1148 4113 1364 4188 Desiderium,
1389 4112 1479 4194 quod
1503 4113 1544 4174 ad
1568 4106 1733 4192 religionis
1756 4131 1831 4192 pro-

164 4204 308 4286 positum
332 4212 364 4265 et
387 4203 567 4265 animarum
590 4203 726 4264 salutem
750 4203 911 4282 pertinere
935 4211 1138 4278 monstratur,
1168 4203 1278 4265 animo
1302 4222 1361 4264 nos
1385 4202 1480 4264 decet
1503 4201 1614 4263 libenti
1640 4201 1831 4276 concedere,

164 4303 197 4356 et
220 4293 401 4374 petentium
425 4292 591 4354 desideriis
615 4311 792 4372 congruum
809 4292 964 4372 impertiri
981 4291 1176 4373 suffragium.
1214 4293 1408 4372 Eapropter,
1434 4291 1541 4352 dilecti
1562 4290 1594 4351 in
1612 4288 1748 4351 domino
1765 4288 1831 4364 filii,

163 4383 278 4445 vestris
300 4382 391 4444 iustis
411 4376 415 4460 Ι
436 4380 650 4461 petitionibus
681 4380 856 4442 clementer
887 4382 1057 4442 annuimus
1087 4392 1119 4442 et
1147 4380 1309 4461 prelatum
1337 4380 1577 4452 monasterium,
1610 4377 1652 4440 ab
1685 4377 1831 4440 Adelmo

164 4472 252 4558 bone
276 4470 509 4533 recordationis
532 4480 565 4531 et
588 4488 690 4531 uxore
712 4488 769 4530 sua
784 4468 875 4532 Gisla
891 4470 923 4530 in
939 4470 1074 4550 proprio
1091 4470 1201 4532 alodio
1217 4489 1278 4550 pro
1294 4469 1398 4531 salute
1413 4468 1519 4553 anime
1534 4486 1591 4553 sue
1607 4467 1830 4542 constitutum,

165 4561 197 4623 in
222 4581 287 4641 quo
312 4560 422 4622 divino
447 4559 623 4640 mancipati
648 4558 724 4620 estis
747 4557 915 4637 obsequio,
940 4558 1000 4620 sub
1025 4558 1110 4621 beati
1126 4559 1210 4621 Petri
1235 4568 1267 4620 et
1291 4568 1401 4620 nostra
1417 4558 1621 4638 protectione
1637 4556 1832 4637 suscipimus

165 4660 199 4713 et
230 4649 388 4731 presentis
418 4649 529 4729 scripti
560 4647 729 4728 privilegio
758 4647 1003 4710 communimus.
1057 4649 1091 4709 ln
1122 4648 1235 4728 primis
1266 4648 1427 4727 siquidem
1457 4654 1651 4718 statuentes,
1682 4656 1717 4706 ut
1747 4645 1831 4707 ordo

166 4740 365 4801 monasticus·
385 4738 564 4823 secundum
587 4736 674 4798 beati
698 4735 865 4797 Benedicti
890 4737 1034 4818 regulam
1058 4748 1090 4798 et
1114 4736 1246 4798 fratrum
1269 4735 1565 4799 Camaldulensium
1592 4733 1831 4795 institutionem

165 4828 331 4910 perpetuis
355 4827 400 4889 ibi
423 4826 624 4907 temporibus
648 4824 876 4887 inviolabiliter
898 4836 1114 4888 conservetur.
1160 4826 1318 4901 Preterea‚
1353 4843 1573 4905 quascumque
1596 4823 1832 4903 possessiones,

167 4936 370 4999 quecumque
394 4915 483 4978 bona
506 4915 613 4996 ipsum
636 4914 867 4977 monasterium
891 4935 932 4977 ex
956 4916 1044 4978 dono
1069 4915 1184 4996 prelati
1210 4912 1344 4976 Adelmi
1368 4920 1401 4976 et
1425 4913 1534 4974 uxoris
1558 4932 1614 4997 sue
1638 4922 1671 4972 et
1694 4912 1832 4973 aliorum

167 5008 218 5069 dei
252 5005 395 5068 fidelium
428 5005 460 5065 in
493 5005 727 5085 presentiarum
758 5002 840 5065 iuste
869 5011 901 5066 et
931 5005 1088 5067 canonice
1117 5004 1265 5084 possidet
1293 5014 1349 5066 aut
1380 5003 1413 5065 in
1446 5002 1585 5064 futurum
1619 5002 1833 5063 concessione

165 5094 366 5177 pontificum,
400 5093 570 5174 largitione
602 5113 713 5172 regum
736 5091 787 5154 vel
819 5094 1011 5174 principum,
1043 5093 1210 5156 oblatione
1243 5091 1387 5154 fidelium
1420 5113 1475 5154 seu
1507 5092 1577 5152 aliis
1605 5090 1695 5153 iustis
1724 5091 1833 5152 modis

166 5185 229 5247 deo
253 5183 398 5265 propitio
422 5183 543 5264 poterit
566 5181 713 5263 adipisci,
736 5180 829 5243 firma
851 5182 945 5245 vobis
968 5184 1148 5264 vestrisque
1163 5181 1404 5244 successoribus
1420 5190 1452 5243 et
1468 5180 1592 5243 illibata
1607 5188 1832 5260 permaneant.

324 5419 348 5481 a)
371 5419 445 5469 Ueher
462 5426 470 5470 t
489 5420 532 5469 dtr
548 5422 637 5470 Ansats
655 5420 719 5468 einer
738 5419 869 5484 Oberlr‘a'nge
974 5419 1000 5483 b)
1019 5417 1071 5466 hier
1085 5418 1166 5482 ficher
1183 5420 1265 5466 ll’aum
1283 5432 1331 5465 van
1350 5417 1428 5475 0,028
1439 5415 1493 5481 su'r
1516 5416 1561 5465 dm
1579 5415 1687 5476 Nomen,
1707 5415 1752 5463 der
1767 5415 1833 5463 nicht

165 5491 313 5557 eingetragrn
330 5491 423 5541 wurdt.
442 5531 495 5537 --
514 5495 550 5557 ,1)
570 5490 776 5541 Manchmamrer
799 5488 845 5547 (D.
864 5490 1033 5555 Regrmbrerg).
1144 5492 1169 5555 2)
1189 5489 1241 5537 San
1268 5487 1377 5548 Granio,
1402 5505 1436 5536 ακ
1460 5488 1503 5536 der
1519 5488 1595 5547 Elsa,
1621 5486 1686 5536 dicht
1708 5487 1745 5535 bei
1767 5486 1832 5535 ihrrr

166 5562 305 5628 Mr'r'ndrmg
320 5562 347 5611 in
364 5562 409 5612 dm
426 5565 501 5613 Arno.
592 5564 617 5628 3)
635 5564 674 5612 La
691 5563 772 5611 Badio
795 5561 954 5611 Camaldalese
971 5562 998 5609 di
1015 5561 1040 5609 S.
1060 5559 1144 5609 Maria
1162 5575 1173 5611 e
1191 5561 1216 5609 S.
1237 5561 1345 5625 Sepolrro
1363 5560 1390 5608 di
1405 5560 1478 5608 Fonte
1498 5559 1617 5610 Pinariam
1638 5575 1680 5608 era
1697 5559 1788 5608 situata
1805 5557 1831 5605 in

170 5634 287 5696 Valdasa‚
306 5637 348 5683 nel
361 5635 477 5684 trm'torr'a
495 5636 551 5684 dell'
569 5637 660 5685 attualr
674 5633 802 5698 parrochia
821 5634 848 5682 di
864 5634 889 5681 S.
911 5632 993 5682 Pr‘rtro
1010 5650 1025 5680 a
1047 5631 1140 5681 Carreto
1158 5630 1255 5695 (Cerarc
1274 5631 1361 5698 Paoli).
