3982 6194
1789 267 1829 342 23

152 443 424 527 Andigavensem
456 443 592 528 patriam
626 464 686 526 pro
718 441 821 526 culpis
852 441 1051 524 quibuslibet
1083 445 1371 521 excommunicari,
1406 448 1449 508 ita
1482 454 1601 522 tamen,
1633 457 1668 512 ut
1699 469 1833 513 excom-

154 536 337 597 municatos
359 535 421 617 ipsi
445 555 510 597 non
533 534 701 616 recipiant.
747 533 865 613 Neque
889 537 988 596 etiam
1012 535 1158 596 subditas
1182 536 1211 596 ei
1236 533 1348 610 cellas,
1380 535 1567 614 ubicunque
1597 539 1670 614 sint,
1701 559 1833 601 excom·

155 626 321 687 municare
345 623 397 687 vel
421 614 614 686 interdicere
638 623 788 702 cuiquam
813 623 917 698 liceat,
950 625 1010 686 nisi
1038 625 1160 705 apertis
1184 644 1244 704 pro
1269 624 1381 706 culpis
1413 633 1447 686 et
1478 646 1559 705 quas
1581 625 1833 691 Vindocinensis

153 714 258 776 abbas
283 721 317 776 et
340 712 466 788 fratres,
489 715 646 775 canonice
669 713 712 775 ab
737 713 899 795 episcopis
916 714 1083 788 admoniti,
1108 713 1283 775 emendare
1299 717 1565 796 contempserint.
1604 716 1660 779 Ad
1676 718 1832 780 indicium

153 822 232 866 vero
256 812 413 885 peractae
436 801 531 865 huius
554 822 572 864 a
591 801 742 864 Romana
766 802 904 864 ecclesia
929 802 1084 864 libertatis
1108 822 1167 883 per
1189 821 1291 864 annos
1314 803 1460 885 singulos
1484 803 1527 866 de
1551 814 1683 868 moneta
1706 815 1834 870 vestrae

156 893 282 974 patriae
313 892 489 955 duodecim
520 891 648 954 solidos
671 890 882 954 Lateranensi
914 891 1036 973 palatio
1068 890 1267 974 persolvetis.
1318 889 1405 954 Sane
1434 896 1461 955 si
1493 895 1565 974 quis
1594 896 1626 957 in
1657 898 1833 959 crastinum

154 979 426 1065 archiepiscopus
455 988 511 1043 aut
541 982 725 1064 episcopus,
757 983 937 1063 imperator
967 989 1023 1043 aut
1054 1000 1121 1057 rex,
1152 983 1314 1063 princeps,
1348 981 1491 1045 marchio
1523 991 1579 1045 aut
1601 984 1683 1060 dux,
1714 1004 1834 1059 comes,

155 1073 352 1147 vicecomes
386 1072 486 1133 iudex
509 1079 565 1134 aut
596 1089 738 1152 persona
769 1068 943 1151 quaelibet,
974 1078 1093 1153 potens
1123 1079 1181 1133 aut
1199 1072 1386 1153 impotens,
1418 1071 1511 1134 huius
1544 1073 1645 1135 nostri
1677 1073 1834 1156 privilegii

156 1160 312 1243 paginam
340 1162 456 1236 sciens,
488 1167 602 1223 contra
632 1179 705 1222 eam
736 1165 860 1222 temere
883 1161 995 1223 venire
1017 1160 1197 1234 tentaverit,
1229 1160 1374 1223 secundo
1404 1162 1544 1224 tertiove
1575 1165 1785 1240 commonita,
1808 1163 1835 1225 si

157 1270 222 1313 non
246 1248 471 1313 satisfactione
495 1269 640 1332 congrua
663 1249 894 1324 emendaverit,
919 1252 1092 1332 potestatis
1115 1248 1315 1329 honorisque
1338 1251 1388 1312 sui
1411 1251 1569 1332 dignitate
1590 1261 1709 1328 careat,
1732 1273 1835 1316 ream·

157 1360 223 1421 que
250 1360 288 1403 se
320 1339 433 1403 divino
464 1339 585 1403 iudicio
617 1340 758 1401 existere
788 1339 831 1401 de
863 1347 1052 1421 perpetrata
1082 1341 1253 1421 iniquitate
1284 1349 1471 1421 cognoscat,
1502 1349 1536 1404 et
1567 1362 1586 1403 a
1615 1344 1835 1405 sacratissimo

157 1448 300 1511 corpore
328 1428 381 1491 dei
412 1436 446 1491 et
477 1430 612 1504 domini,
643 1429 862 1511 redemptoris
894 1430 995 1491 nostri
1019 1430 1091 1492 Iesu
1116 1427 1242 1504 Christi,
1272 1428 1466 1505 alienafiat,
1498 1439 1597 1511 atque
1621 1433 1653 1494 in
1685 1439 1835 1496 extremo

157 1521 312 1582 examine
341 1519 489 1583 districte
520 1517 631 1581 ultioni
661 1518 838 1581 subiaceat.
885 1517 1016 1581 Cunctis
1039 1527 1158 1593 autem,
1191 1519 1298 1581 eidem
1329 1518 1405 1581 loco
1438 1519 1521 1582 iusta
1550 1522 1765 1597 servantibus,
1796 1522 1838 1582 sit

158 1629 225 1690 pax
249 1607 377 1670 domini
400 1609 502 1671 nostri
526 1608 597 1670 lesu
621 1605 749 1683 Christi,
781 1618 942 1689 quatenus
972 1606 1082 1671 ethic
1105 1607 1244 1670 fructum
1275 1608 1383 1670 bonae
1410 1609 1549 1671 actionis
1580 1613 1772 1693 percipiant,
1804 1618 1837 1673 et

157 1698 247 1779 apud
279 1698 464 1760 districtum
496 1696 635 1759 iudicem
666 1699 813 1779 praemia
842 1706 994 1760 aeternae
1025 1697 1114 1779 pacis
1146 1697 1314 1760 inveniant
1361 1697 1480 1761 Amen.
1508 1696 1627 1761 Amen.
1650 1699 1770 1762 Amen.
1793 1735 1838 1744 -

157 1786 325 1869 Scriptum
350 1806 410 1869 per
433 1807 564 1849 manum
588 1787 682 1857 Petri,
706 1787 831 1861 notarii,
855 1787 1028 1868 regionarii
1052 1794 1085 1849 et
1108 1786 1261 1849 scriniarii
1285 1784 1430 1871 sancti(!)
1461 1787 1579 1871 palatii.

320 1875 393 1957 Ego
416 1875 582 1938 Paschalis
606 1873 788 1938 catholicae
812 1874 969 1939 ecclesiae
993 1877 1177 1959 episcopus.

320 1964 445 2027 Datum
467 1965 631 2039 Laterani,
664 1984 725 2047 per
756 1986 888 2028 manum
912 1964 1050 2041 Ioannis,
1082 1975 1212 2029 sanctae
1235 1965 1404 2028 Romanae
1428 1967 1586 2029 ecclesiae
1617 1967 1746 2029 diaconi
1770 1987 1838 2029 car·

159 2053 287 2117 dinalis
330 2054 453 2117 vldus
477 2054 594 2118 Martii.
639 2053 821 2117 Indictione
844 2068 876 2116 x.
923 2053 1155 2118 Incarnationis
1179 2054 1363 2117 dominicae
1386 2075 1472 2117 anno
1496 2067 1595 2117 metu.
1626 2054 1838 2118 Pontificatus

159 2152 268 2207 autem
295 2144 410 2207 domni
434 2142 599 2207 Paschalis
623 2144 755 2205 secundi
779 2164 888 2227 papae
911 2158 957 2208 111.

320 2257 446 2322 Abschn'sl
462 2260 502 2307 des
519 2258 576 2307 MS.
596 2259 641 2307 lat.
660 2260 747 2308 12780
756 2260 808 2322 sol.
827 2258 885 2320 255,
904 2259 929 2308 in
947 2261 991 2308 der
1008 2259 1072 2308 Bihl.
1093 2259 1221 2308 diationale
1239 2276 1268 2307 ru
1289 2259 1368 2310 Paris.

919 2542 987 2618 Nr.
1018 2547 1080 2617 27.

163 2673 337 2739 Paschalis
354 2676 399 2739 II
416 2675 564 2759 bestiitrgt
584 2677 657 2741 dem
680 2677 759 2740 Abte
781 2675 941 2740 Humbert
961 2695 1022 2738 von
1045 2672 1233 2758 St.-Oyand
1257 2675 1298 2737 de
1320 2674 1410 2749 Joux
1432 2675 1490 2756 (D.
1517 2676 1619 2760 Lyon)
1642 2675 1697 2739 die
1719 2675 1839 2740 Besie-

551 2767 680 2831 thrimer
693 2767 763 2830 und
769 2766 873 2846 freies
889 2764 1175 2846 Begrdbmssreclrt
1187 2766 1291 2828 scines
1309 2763 1462 2828 Klosters.

809 2883 895 2944 1102
910 2882 1008 2945 Mc'z'rz
1022 2883 1076 2943 21.
1109 2878 1201 2942 Rom.

327 2995 488 3060 Paschalis
519 2994 731 3082 (episcopus)
761 3017 872 3061 servus
904 3017 1072 3060 servorum
1105 2997 1165 3076 dei,
1196 2998 1373 3061 venerabili
1408 2995 1475 3060 filio
1505 2998 1701 3073 Humbert0,
1731 2997 1841 3061 abbati

163 3086 269 3147 sancti
293 3086 455 3167 Eugendii
478 3087 757 3161 Condadiscensis,
788 3089 923 3169 eiusque
949 3086 1192 3151 successoribus
1220 3087 1409 3170 regulariter
1439 3087 1683 3163 substituendis,
1707 3087 1737 3149 in
1769 3107 1842 3169 per·

165 3182 313 3254 petuum.
360 3176 395 3240 Si
420 3177 536 3240 iniusta
559 3177 747 3260 petentibus
776 3177 881 3239 nullus
912 3184 962 3239 est
992 3176 1216 3241 attribuendus
1247 3178 1391 3252 effectus,
1425 3179 1472 3238 sic
1502 3176 1648 3258 legitimo
1679 3177 1842 3239 desiderio

166 3284 233 3326 non
258 3272 309 3326 est
332 3264 514 3330 differenda
537 3269 664 3349 petitio.
711 3266 792 3328 Tuis
816 3262 933 3352 [igitur]
956 3265 1108 3348 precibus
1136 3274 1326 3342 annuentes,
1359 3286 1440 3346 quas
1464 3286 1523 3349 per
1546 3266 1733 3347 religiosum
1766 3287 1843 3329 con·

166 3352 367 3434 gregationis
390 3355 521 3419 fratrem
545 3356 721 3439 Hugonem
745 3356 841 3437 Bong
865 3402 872 3417 .
896 3403 903 3416 .
929 3405 935 3418 .
961 3405 967 3417 .
991 3358 1189 3437 suggessisti,
1217 3358 1380 3439 presentis
1403 3357 1527 3418 decreti
1551 3355 1728 3418 stabilitate
1751 3376 1842 3418 sanc·

167 3444 280 3517 cimus,
312 3451 348 3506 ut
378 3448 611 3509 monasterium
634 3453 778 3509 vestrum
810 3445 852 3506 ab
876 3446 1022 3506 omnium
1053 3465 1266 3527 personarum
1298 3445 1456 3508 molestiis
1486 3445 1623 3507 liberum
1656 3452 1843 3527 perseveret

167 3540 293 3593 ettam
317 3552 377 3595 vos
402 3556 499 3615 quam
524 3531 740 3621 [successores
763 3529 874 3618 vestri]
897 3534 959 3596 sub
984 3535 1167 3615 apostolice
1190 3536 1276 3597 sedis
1305 3535 1408 3598 tutela
1437 3554 1567 3615 semper
1598 3544 1631 3596 et
1662 3535 1842 3617 patrocinio

168 3619 355 3683 foveamini.
410 3621 590 3688 Statuimus
621 3625 727 3698 etiam,
761 3630 795 3685 ut
827 3621 909 3685 cella
938 3625 1042 3685 sancti
1073 3623 1228 3706 Lupiensi
1261 3645 1334 3687 cum
1367 3624 1569 3705 appendiciis
1600 3626 1674 3697 suis,
1705 3623 1843 3686 ecclesia

166 3709 390 3774 d'Arbosiaco
418 3734 491 3777 cum
524 3714 657 3797 capellis
681 3713 755 3788 suis,
785 3712 902 3774 eclesia
933 3713 975 3776 de
998 3713 1173 3791 Vividuno,
1206 3713 1342 3776 ecclesia
1365 3714 1408 3776 de
1432 3711 1582 3775 Sessiaco
1612 3734 1686 3775 cum
1711 3712 1844 3795 capellis

167 3819 280 3862 earum
304 3801 367 3863 sub
392 3850 620 3867 ........
645 3810 884 3866 conserventur.
930 3803 1102 3865 Praeterea
1125 3824 1184 3884 per
1207 3804 1365 3884 presentis
1396 3801 1555 3885 privilegii
1587 3805 1740 3884 paginam
1765 3823 1844 3883 apo-

168 3888 286 3951 stolica
318 3893 513 3955 auctoritate
544 3913 724 3968 censemus,
754 3900 790 3956 ut
820 3910 1047 3971 quaecumque
1078 3891 1179 3955 hodie
1201 3893 1290 3955 idem
1315 3892 1545 3955 monasterium
1570 3893 1653 3953 iuste
1685 3892 1844 3973 possidet,

168 3980 237 4040 sive
269 3980 302 4040 in
326 3978 469 4044 futurum
493 3983 705 4045 concessione
736 3979 944 4062 pontificum,
975 3980 1171 4044 liberalitate
1202 3982 1383 4064 principum
1415 3979 1466 4044 vel
1500 3979 1667 4043 oblatione
1696 3979 1842 4042 fidelium

168 4069 251 4130 iuste
274 4076 376 4147 atque
400 4073 555 4134 canonice
586 4071 707 4153 poterit
736 4070 880 4151 adipisci,
912 4069 1004 4132 firma
1035 4071 1093 4132 tibi
1122 4073 1252 4150 tuisque
1282 4069 1523 4133 successoribus
1549 4065 1603 4155 [et]
1628 4069 1748 4132 illibata
1772 4090 1844 4150 per·

169 4167 336 4219 maneant
381 4158 597 4224 Decemimus
620 4180 708 4241 ergo,
732 4168 768 4222 ut
783 4159 861 4221 nulli
885 4160 1019 4222 omnino
1043 4158 1212 4222 hominum
1237 4160 1340 4236 liceat,
1364 4161 1451 4222 idem
1474 4159 1703 4222 monasterium
1720 4168 1844 4221 temere

169 4246 373 4329 perturbare,
407 4259 463 4312 aut
482 4253 551 4313 eius
575 4251 800 4332 possessiones
832 4247 977 4324 aufferre,
1008 4248 1060 4311 vel
1090 4249 1216 4311 ablatas
1249 4253 1395 4324 retinere,
1426 4248 1477 4311 vel
1511 4249 1626 4311 iniuste
1657 4249 1750 4311 datas
1780 4249 1845 4310 suis

170 4334 281 4398 usibus
304 4338 487 4415 vendicare,
519 4341 664 4402 minuere
686 4338 739 4401 vel
767 4339 945 4401 temerariis
967 4338 1193 4401 vexationibus
1217 4338 1360 4421 fatigare,
1392 4338 1451 4401 sed
1482 4339 1590 4400 omnia
1619 4340 1745 4420 integre
1768 4357 1845 4400 con-

169 4432 342 4488 serventur
364 4447 487 4505 eorum,
511 4449 572 4511 pro
595 4448 734 4508 quorum
758 4429 995 4490 sustentatione
1018 4435 1052 4490 et
1074 4428 1310 4509 gubernatione
1333 4448 1490 4491 concessa
1510 4436 1593 4502 sunt,
1618 4427 1727 4490 usibus
1744 4428 1845 4490 omni-

171 4515 280 4578 modis
304 4516 483 4597 profutura.
529 4515 738 4599 Sepulturam
762 4537 840 4580 sane
863 4517 1010 4580 eiusdem
1038 4516 1101 4580 loci
1133 4518 1263 4580 omnino
1294 4516 1430 4580 liberam
1463 4537 1535 4579 esse
1565 4518 1779 4590 decernimus,
1810 4524 1846 4578 ut

170 4624 303 4680 eorum,
339 4607 394 4686 qui
428 4606 490 4669 illic
525 4607 654 4689 sepeliri
689 4606 953 4679 deliberaverint,
989 4607 1156 4669 devotioni
1192 4615 1226 4669 et
1260 4616 1427 4669 extremae
1460 4607 1632 4683 voluntati,
1668 4606 1726 4669 nisi
1761 4605 1846 4668 forte

171 4697 448 4758 excommunicati
472 4705 554 4771 sunt,
586 4696 691 4759 nullus
715 4695 862 4759 obsistat.
908 4696 943 4759 Si
966 4715 1032 4774 que
1053 4715 1131 4757 vero
1159 4696 1189 4757 in
1216 4696 1357 4759 futurum
1383 4694 1601 4758 ecclesiastica
1624 4696 1847 4771 saecularisve,

172 4803 323 4865 persona,
333 4782 418 4848 hanc
430 4795 541 4849 nostre
553 4785 793 4850 constitutionis
802 4785 953 4867 paginam
965 4786 1079 4860 sciens,
1089 4794 1202 4848 contra
1221 4790 1248 4866 ⁸)
1260 4806 1333 4849 eam
1352 4786 1379 4861 a)
1388 4793 1512 4848 temere
1520 4787 1629 4849 venire
1639 4789 1848 4869 temptaverit

171 4873 319 4936 secundo
335 4876 473 4938 tertiove
494 4877 703 4949 commonita,
727 4877 753 4936 si
778 4895 844 4937 non
860 4874 1079 4937 satisfactione
1095 4895 1239 4958 congrua
1256 4875 1485 4950 emendaverit,
1509 4877 1683 4956 potestatis
1698 4874 1847 4939 honoris·

173 4984 236 5044 que
260 4964 310 5024 sui
344 4963 500 5046 dignitate
528 4973 645 5040 careat,
675 4983 831 5042 reamque
854 4983 890 5026 se
922 4964 1033 5026 divino
1063 4964 1182 5028 iudicio
1213 4965 1353 5028 existere
1384 4965 1427 5026 de
1459 4972 1646 5046 perpetrata
1677 4965 1848 5044 iniquitate

173 5060 361 5133 cognoscat,
395 5063 428 5116 et
457 5054 718 5117 asacratissimo
749 5073 888 5135 corpore
919 5073 958 5116 ac
990 5054 1144 5135 sanguine
1175 5055 1227 5117 dei
1259 5062 1292 5117 et
1322 5055 1464 5128 domini,
1495 5055 1714 5137 redemptoris
1747 5055 1847 5118 nostri

172 5141 243 5204 lesu
273 5139 406 5218 Christi,
437 5144 539 5208 aliena
571 5143 627 5207 fiat
658 5150 691 5206 et
723 5145 755 5205 in
786 5150 936 5205 extremo
969 5143 1120 5206 examine
1150 5144 1316 5207 districtae
1346 5144 1460 5206 ultioni
1491 5143 1666 5206 subiaceat
1713 5142 1848 5208 Cunctis

173 5240 291 5306 autem,
316 5232 425 5294 eidem
448 5233 523 5296 loco
547 5234 631 5296 iusta
654 5232 866 5308 servantibus,
891 5233 933 5294 sit
956 5252 1023 5314 pax
1046 5232 1171 5296 domini
1195 5236 1296 5296 nostri
1313 5233 1385 5296 Iesu
1403 5231 1532 5309 Christi,
1555 5241 1715 5312 quatenus
1739 5232 1848 5297 ethic

172 5319 314 5385 fructum
338 5319 447 5384 bonae
475 5323 610 5386 actionis
640 5322 822 5405 percipiant
852 5329 885 5384 et
914 5323 1001 5404 apud
1034 5323 1217 5386 districtum
1248 5325 1390 5387 iudicem
1421 5325 1546 5406 premia
1576 5330 1727 5387 aeternae
1758 5326 1848 5405 pacis

174 5410 348 5475 inveniant.
394 5408 513 5477 Amen.
537 5411 728 5476 Amenr-
752 5408 916 5494 Scriptum
941 5431 1001 5495 per
1024 5433 1155 5475 manum
1178 5412 1272 5489 Petri,
1297 5413 1420 5489 notarii,
1452 5415 1627 5494 regionarii
1652 5421 1684 5476 et
1706 5413 1848 5476 scrinarii

172 5501 252 5565 sacri
275 5499 401 5583 palatii.

334 5682 362 5746 n)
382 5680 561 5730 contradicere.
