3982 6194
1760 271 1819 350 183

898 455 965 531 Nr.
998 458 1081 529 172.

149 585 310 652 Hadrian
333 585 527 653 IVnimmt
547 589 610 654 das
635 586 765 652 Kloster
786 587 853 652 San
876 586 951 652 Siro
980 589 1020 652 di
1042 587 1171 652 Genava
1203 590 1236 652 in
1263 589 1494 671 apostolisclren
1526 589 1643 654 Schutz
1672 589 1745 653 und
1774 589 1823 652 be·

620 679 733 761 stdtgt
754 678 867 742 dassen
890 677 1125 742 Besitatlzrimer
1145 677 1213 741 und
1234 678 1357 742 Rechte.

689 797 774 857 1157
794 792 1104 876 Januar-Augusr.
1146 793 1295 856 Lateran.

314 926 480 991 Adrianus
511 930 702 1010 episcopus,
732 948 843 991 servus
873 947 1040 991 servorum
1071 929 1141 1002 dei,
1173 926 1300 989 dilectis
1331 926 1403 990 filiis
1433 927 1675 1003 Bartholome0,
1710 928 1822 991 abbati

153 1019 345 1081 monasterii
378 1019 481 1079 sancti
512 1018 587 1098 Syri
617 1017 798 1092 Ianuensis,
838 1017 972 1097 eiusque
1003 1017 1174 1091 iratribus,
1214 1026 1282 1078 tam
1316 1017 1520 1099 presentibus
1559 1037 1656 1098 quam
1699 1017 1824 1092 suturis,

153 1106 340 1188 regularem
370 1108 472 1169 vitam
504 1107 667 1189 professis,
698 1120 736 1168 IN
765 1119 840 1168 ΡΡΜ.
868 1107 873 1185 1
901 1106 1061 1169 Effectum
1094 1109 1176 1169 iusta
1206 1104 1446 1186 postulantibus
1476 1106 1644 1188 indulgere
1676 1115 1709 1169 et
1731 1109 1823 1188 vigor

154 1197 307 1275 equitatis
332 1205 365 1259 et
388 1197 470 1258 ordo
487 1197 589 1276 exigit
611 1199 753 1271 rationis,
777 1198 966 1278 praesertim
993 1196 1125 1276 quando
1148 1195 1327 1277 petentium
1344 1195 1542 1257 voluntatem
1567 1198 1671 1278 pietas
1694 1196 1824 1258 adiuvat

154 1293 190 1348 et
203 1287 326 1347 veritas
348 1306 413 1347 non
436 1283 594 1366 relinquit.
639 1286 833 1368 Eapropter,
854 1283 858 1368 Ι
879 1284 988 1347 dilecti
1014 1286 1044 1346 in
1061 1284 1195 1346 domino
1218 1283 1284 1359 filii,
1307 1287 1422 1347 vestris
1438 1285 1527 1346 iustis
1551 1283 1824 1366 postulationibus

154 1374 338 1437 clementer
365 1375 553 1449 annuimus,
584 1384 617 1436 et
650 1374 811 1455 prelatum
842 1374 943 1436 sancti
967 1371 1040 1453 Syri
1071 1376 1317 1448 monasterium,
1347 1376 1381 1435 in
1412 1395 1477 1455 quo
1508 1374 1616 1435 divino
1648 1375 1823 1455 mancipati

154 1463 233 1525 estis
256 1464 429 1544 obsequi0,
452 1463 494 1525 ad
518 1463 688 1545 exemplar
704 1463 804 1526 felicis
821 1464 977 1526 memorie
997 1482 1084 1544 pape
1098 1463 1190 1525 Lucii
1209 1459 1241 1545 ¹),
1264 1463 1503 1544 predecessoris
1527 1463 1635 1536 nostri,
1658 1463 1718 1525 sub
1735 1464 1822 1525 beati

155 1550 245 1614 Petri
281 1560 315 1614 et
354 1560 465 1614 nostra
501 1553 706 1633 protectione
738 1551 927 1633 suscipimus
966 1560 999 1614 et
1037 1554 1196 1633 presentis
1227 1552 1337 1634 scripti
1367 1551 1538 1633 privilegio
1577 1553 1823 1614 communimus.

154 1637 357 1717 Statuentes‚
389 1649 432 1715 ut,
456 1661 678 1722 quascumque
701 1642 932 1723 possessiones
965 1661 1170 1722 quecumque
1193 1641 1279 1702 bona
1310 1641 1397 1703 idem
1430 1642 1660 1703 monasterium
1691 1641 1721 1702 in
1753 1661 1823 1722 pre·

154 1732 335 1792 sentiarum
358 1732 441 1792 iuste
465 1737 498 1792 et
521 1731 676 1793 canonice
700 1731 848 1812 possidet
877 1740 933 1792 aut
956 1733 987 1792 in
1022 1729 1162 1792 futurum
1186 1732 1397 1793 concessione
1422 1729 1622 1811 pontificum,
1653 1729 1824 1812 largitione

154 1839 272 1900 regum
296 1818 348 1882 vel
372 1821 571 1901 principum,
604 1820 768 1882 oblatione
790 1819 934 1881 fidelium
972 1839 1029 1881 seu
1056 1819 1125 1881 aliis
1156 1819 1245 1880 iustis
1277 1820 1383 1882 modis
1421 1819 1485 1881 deo
1518 1820 1663 1901 propitio
1702 1821 1824 1900 poterit

154 1908 305 1989 adipisci,
335 1907 427 1971 firma
453 1908 549 1970 vobis
579 1912 761 1988 vestrisque
793 1909 1034 1971 successoribus
1066 1916 1099 1970 et
1129 1907 1251 1970 illibata
1281 1917 1504 1990 permaneant
1550 1906 1585 1969 In
1616 1908 1732 1989 quibus
1762 1907 1824 1969 hec

155 1998 300 2079 propriis
328 1997 480 2059 duximus
512 1999 724 2079 exprimenda
747 1997 928 2060 vocabulis:
966 1997 1136 2060 ecclesiam
1167 2005 1278 2059 sancte
1305 1997 1421 2084 Savine
1452 2008 1485 2059 et
1519 1998 1621 2060 sancti
1646 1996 1824 2059 Marcellini

155 2106 233 2149 cum
263 2088 469 2168 pertinentiis
499 2088 574 2159 suis
605 2087 776 2150 ecclesiam
806 2088 909 2149 sancti
934 2087 1063 2149 Martini
1094 2088 1136 2149 de
1159 2086 1257 2162 Pelio,
1289 2086 1458 2149 ecclesiam
1490 2088 1593 2149 sancti
1621 2084 1748 2149 Nicolai
1781 2087 1823 2148 de

155 2174 329 2259 Capriata,
359 2175 530 2238 ecclesiam
560 2179 661 2238 sancti
687 2174 817 2257 Georgii
840 2176 882 2238 de
907 2177 1075 2257 Marengo,
1100 2174 1271 2238 ecclesiam
1293 2178 1396 2237 sancti
1422 2175 1589 2237 Michaelis
1616 2176 1657 2237 de
1683 2173 1823 2250 Calocio,

155 2265 331 2328 ecclesiam
358 2267 461 2327 sancti
484 2264 657 2339 Leonardi,
688 2276 721 2327 et
752 2264 923 2327 ecclesiam
947 2266 1050 2327 sancti
1074 2264 1241 2326 Michaelis
1265 2266 1307 2327 de
1331 2263 1497 2341 Cannello,
1529 2263 1698 2327 ecclesiam
1722 2265 1824 2326 sancti

154 2353 311 2417 Iohannis
334 2354 377 2415 de
393 2354 546 2416 Terdona
570 2374 642 2416 curn
668 2354 819 2416 omnibus
843 2354 1043 2435 pertinentiis
1058 2355 1133 2415 suis
1173 2352 1336 2416 Cimiteria
1353 2372 1440 2428 vero,
1464 2355 1616 2428 decimas,
1641 2353 1825 2415 oblationes

154 2453 189 2506 et
212 2441 425 2506 rationabiles
448 2443 708 2518 consuetudines,
730 2463 811 2523 quas
833 2443 921 2505 idem
944 2443 1173 2505 monasterium
1197 2441 1354 2505 hactenus
1378 2445 1488 2524 quiete
1503 2445 1648 2505 noscitur
1663 2442 1824 2518 habuisse,

155 2531 387 2595 nichilominus
409 2530 646 2594 confirmamus
692 2532 805 2594 Liceat
828 2533 925 2594 etiam
949 2531 1044 2594 vobis
1067 2533 1099 2593 in
1122 2530 1384 2613 paroechialibus
1414 2531 1563 2607 ecclesiis,
1594 2551 1674 2610 quas
1697 2533 1824 2605 tenetis,

156 2623 295 2685 idoneas
319 2641 476 2702 personas
498 2620 698 2702 presbiteros
722 2620 841 2703 eligere
865 2629 898 2683 et
920 2621 1103 2683 diocesanis
1128 2622 1290 2702 episcopis
1314 2631 1511 2702 presentare,
1537 2620 1653 2702 quibus
1679 2621 1825 2703 episcopi

156 2710 312 2795 parochie
335 2707 473 2794 cura(m)
489 2729 563 2772 cum
579 2721 687 2773 vestro
710 2730 840 2772 assensu
869 2710 1082 2784 committant,
1106 2719 1140 2770 ut
1162 2710 1322 2773 eiusmodi
1345 2710 1533 2773 sacerdotes
1556 2710 1598 2772 de
1622 2709 1727 2791 plebis
1750 2729 1826 2773 cura

158 2803 325 2882 episcopis
361 2800 599 2880 respondeant,
638 2800 734 2863 vobis
772 2809 881 2862 autem
917 2819 977 2880 pro
1009 2799 1105 2861 rebus
1139 2799 1376 2879 temporalibus
1411 2799 1556 2861 debitam
1589 2799 1825 2861 subiectionem

158 2888 347 2952 exhibeant.
393 2887 464 2950 Nec
491 2888 534 2950 ab
565 2888 722 2970 episcopo
744 2887 796 2951 vel
826 2908 957 2951 suorum
991 2887 1137 2967 quolibet
1165 2908 1388 2951 successorum
1421 2888 1546 2970 possint
1573 2888 1693 2951 ibidem
1718 2888 1825 2950 divina

160 2978 269 3041 officia
292 2978 449 3052 interdici,
480 2977 538 3039 nisi
562 2996 622 3057 pro
646 2979 810 3040 communi
834 2977 931 3058 culpa
953 2976 1031 3038 cleri
1054 2977 1105 3039 vel
1129 2977 1250 3058 populi.
1294 2976 1458 3058 Capellani
1481 2997 1568 3052 vero,
1600 2979 1655 3057 qui
1680 2977 1824 3039 eiusdem

161 3069 349 3132 monasterii
373 3065 514 3129 ecclesiis
537 3069 704 3128 constituti
726 3067 849 3142 suerint,
879 3067 910 3127 in
933 3067 1058 3128 marino
1093 3067 1206 3129 itinere
1229 3068 1363 3143 invitati,
1394 3066 1529 3129 liberam
1553 3066 1651 3129 eundi
1683 3065 1826 3129 habeant

162 3157 362 3230 facultatem,
404 3174 465 3217 nec
506 3155 547 3217 ab
587 3154 697 3234 aliquo
736 3156 794 3217 nisi
827 3156 869 3217 ab
903 3155 1025 3218 abbate
1060 3153 1226 3236 prohiberi
1261 3158 1394 3238 possint
1449 3153 1657 3238 Sepulturam
1693 3174 1825 3236 quoque

162 3248 261 3328 ipsius
299 3244 364 3307 loci
402 3244 538 3307 liberam
576 3264 649 3306 esse
685 3246 863 3319 sancimus,
901 3252 936 3306 ut
977 3262 1107 3316 eorum,
1147 3246 1201 3324 qui
1236 3264 1271 3307 se
1303 3244 1368 3307 illic
1402 3244 1533 3326 sepeliri
1568 3244 1824 3318 deliberaverint,

163 3336 331 3398 devotioni
360 3343 394 3395 et
424 3343 571 3396 extreme
602 3332 777 3407 voluntati,
816 3334 876 3395 nisi
909 3332 994 3394 forte
1025 3334 1298 3395 excommunicati
1328 3333 1380 3396 vel
1410 3334 1572 3396 interdicti
1604 3336 1682 3406 sint,
1720 3332 1825 3395 nullus

163 3426 308 3497 obsistat,
339 3423 429 3485 salva
455 3431 566 3485 tamen
597 3423 716 3485 iustitia
740 3422 880 3485 matricis
904 3420 1050 3505 ecclesie.
1094 3421 1141 3484 Ut
1170 3431 1278 3485 autem
1310 3423 1340 3483 in
1371 3423 1484 3484 divinis
1517 3422 1632 3485 officiis
1664 3424 1825 3484 morosius

163 3514 292 3594 possitis
316 3512 452 3574 domino
476 3512 647 3584 deservire,
672 3513 813 3593 presenti
837 3511 971 3573 decreto
995 3513 1174 3584 statuimus
1198 3514 1348 3590 quatinus
1371 3510 1467 3573 liceat
1490 3512 1591 3586 vobis,
1615 3511 1657 3573 ad
1680 3511 1823 3573 divinum

163 3601 305 3665 officium
330 3602 553 3682 peragendum
577 3603 780 3682 tempestive,
804 3607 902 3682 prout
925 3601 1140 3674 decreveritis,
1164 3620 1296 3682 surgere
1319 3609 1353 3663 et
1376 3621 1606 3683 campanarum
1627 3602 1743 3674 sonitu,
1767 3600 1825 3661 nisi

164 3691 243 3755 sorte
266 3698 375 3753 vestra
396 3689 436 3751 sit
459 3688 595 3752 ecclesia
617 3690 796 3763 interdicta,
826 3688 940 3751 fideles
968 3698 1034 3750 tam
1066 3688 1107 3750 ad
1140 3689 1299 3765 diurnum,
1330 3709 1428 3769 quam
1459 3698 1651 3752 nocturnum
1683 3688 1825 3751 officium

161 3782 200 3843 ad
222 3778 398 3844 ecclesiam
428 3797 619 3850 convocare,
652 3777 708 3840 nisi
731 3778 852 3859 scripta
876 3779 1007 3840 maioris
1031 3777 1169 3840 ecclesie
1193 3781 1219 3840 si
1244 3823 1407 3840 ......
1432 3779 1461 3840 cl
1486 3824 1712 3841 ........
1759 3779 1826 3839 De·

161 3872 320 3932 cernimus
347 3868 453 3942 etiam,
484 3876 520 3929 ut
542 3867 618 3930 nulli
642 3867 774 3930 omnino
797 3867 963 3930 hominum
987 3867 1090 3940 liceat,
1113 3867 1199 3929 idem
1225 3869 1456 3930 monasterium
1480 3876 1604 3931 temere
1626 3867 1825 3949 perturbare,

161 3967 212 4021 aut
236 3958 305 4021 eius
328 3956 553 4038 possessiones
576 3955 701 4019 auferre
730 3956 781 4019 vel
803 3955 929 4018 ablatas
960 3957 1108 4029 retinere,
1134 3957 1278 4018 minuere
1311 3957 1363 4019 vel
1394 3958 1575 4020 temerariis
1598 3956 1826 4019 vexationibus

161 4066 214 4111 seu
244 4045 339 4109 novis
375 4040 689 4130 consue[tudinibus]
718 4043 869 4127 fatigare,
905 4045 964 4106 sed
996 4040 1127 4129 [omnia]
1160 4045 1285 4126 integra
1314 4055 1546 4109 conserventur
1578 4066 1618 4108 eo
1634 4041 1733 4130 rum],
1764 4065 1825 4126 pro

162 4131 312 4222 quo[rum
335 4130 582 4220 gulbernatione
608 4144 642 4195 et
664 4129 908 4219 [sustentatione
944 4153 1100 4197 concessa
1130 4142 1211 4207 sunt,
1235 4129 1369 4218 [usibus
1400 4136 1599 4198 omnimodis
1636 4133 1825 4216 profutura,

162 4226 247 4288 salva
294 4225 383 4287 sedis
428 4222 609 4306 apostolice
645 4225 837 4286 auctoritate
872 4219 916 4307 [et
970 4224 1135 4285 diocesani
1180 4223 1326 4305 episcopi
1367 4224 1522 4287 canonica
1553 4219 1564 4309 [
1596 4274 1602 4287 .
1642 4274 1648 4286 .
1687 4223 1826 4286 iustitia.

162 4313 289 4378 Decim
303 4333 340 4375 as
363 4332 442 4375 vero
465 4312 582 4375 civium
605 4315 808 4393 cognationis
831 4313 874 4375 de
897 4311 1000 4373 insula
1023 4321 1056 4374 et
1080 4308 1323 4397 Carmand[in]o
1351 4321 1449 4392 atque
1474 4313 1631 4376 heredum
1656 4308 1812 4397 [ipsorum

164 4402 466 4484 quemadmodum
489 4420 547 4483 per
570 4401 761 4464 sententiam
786 4401 1025 4483 predecessoris
1048 4402 1158 4474 nostri,
1183 4401 1280 4463 felicis
1304 4403 1459 4465 memorie
1482 4423 1569 4485 pape
1590 4403 1775 4465 INNocentii
1793 4397 1826 4483 ²),

165 4493 253 4555 vobis
266 4491 450 4554 adiudicate
470 4489 497 4574 ⁸)
512 4499 587 4552 sunt
597 4498 629 4552 et
644 4492 767 4573 scripto
783 4511 843 4553 suo
858 4489 993 4565 firmate,
1013 4509 1072 4571 per
1083 4485 1264 4574 [presentlis
1278 4492 1388 4572 scripti
1406 4493 1557 4573 paginam
1575 4487 1688 4576 [confir
1703 4509 1827 4553 mamus

166 4600 280 4661 easque
304 4579 348 4643 de
371 4588 481 4642 cetero
497 4578 590 4641 vobis
615 4581 647 4641 in
662 4589 857 4660 perpetuum
872 4579 1047 4643 solvendas
1064 4599 1134 4641 esse
1150 4599 1328 4642 censemus.
1367 4577 1401 4642 Si
1419 4600 1483 4660 que
1498 4601 1576 4644 vero
1594 4582 1826 4662 possessiones,

166 4688 241 4748 quas
264 4669 564 4749 prenominatarum
588 4672 820 4749 cognationum
854 4670 941 4730 cives
964 4677 1112 4749 tempore
1143 4668 1208 4730 late
1236 4672 1395 4732 sententie
1420 4670 1641 4750 possidebant,
1671 4668 1712 4730 ad
1744 4668 1826 4730 alios

169 4759 312 4837 quolibet
334 4755 429 4821 titulo
452 4778 471 4820 a
495 4806 502 4819 .
526 4804 533 4818 .
555 4768 763 4819 ‚noscuntur
786 4756 857 4819 iore
880 4757 1033 4839 translate
1057 4756 1107 4819 vel
1127 4760 1160 4818 in
1181 4756 1322 4820 futurum
1343 4759 1491 4838 quolibet
1507 4766 1691 4821 contractus
1707 4776 1826 4839 genere

169 4847 420 4920 transferrentur,
452 4846 554 4910 libere
576 4846 671 4909 vobis
695 4847 790 4909 liceat
811 4867 830 4909 a
854 4846 1053 4925 quibuslibet
1077 4842 1277 4931 [earunldem
1301 4850 1544 4929 possessionum
1569 4847 1827 4911 detentatoribus

171 4936 307 4999 decimas
329 4937 463 5017 exigere
486 4944 518 4998 et
541 4943 688 5010 exactas,
711 4935 826 4999 nullius
851 4935 1030 4998 obsistente
1053 4936 1319 5011 contradictione,
1343 4940 1492 5000 retinere.
1531 4935 1565 4999 Si
1581 4957 1645 5017 qua
1661 4939 1757 5017 igitur
1773 4983 1779 4998 .
1796 4983 1826 4996 ..

173 5022 294 5088 Cunctis
318 5033 429 5087 autem
454 5073 460 5088 .
485 5073 492 5086 .
516 5073 523 5086 .
546 5025 718 5087 inveniant.
763 5023 883 5087 Amen.
907 5024 996 5087 A-m.
1020 5024 1138 5086 Amen.
1162 5059 1206 5069 —

375 5113 431 5191 (R)
454 5114 526 5195 Ego
549 5112 715 5176 Adrianus
737 5113 898 5199 catholice
921 5114 1056 5199 ecclesie
1080 5115 1255 5195 episcopus
1278 5134 1318 5175 ss.
1342 5116 1404 5190 (M)

374 5203 395 5286 †
418 5203 491 5285 Ego
515 5201 692 5284 Gregorius
715 5199 903 5266 Sabinensis
926 5206 1101 5286 episcopus
1124 5224 1166 5264 ss.
1191 5200 1237 5286 (6)

374 5328 419 5338 —
442 5290 462 5375 †
485 5290 559 5373 Ego
583 5286 798 5376 [Manirledus
822 5292 983 5373 presbiter
1005 5292 1174 5354 cardinalis
1197 5293 1242 5353 tit.
1267 5287 1390 5375 [sancte
1413 5289 1545 5377 Sabine]
1570 5311 1611 5353 ss.
1634 5288 1680 5377 (1)

375 5380 396 5464 †
419 5382 492 5463 Ego
516 5380 687 5443 Hubaldus
711 5381 871 5463 presbiter
897 5380 1066 5444 cardinalis
1090 5383 1136 5443 tit
1160 5390 1271 5443 sancte
1295 5380 1406 5444 Crucis
1438 5378 1482 5466 [in
1506 5378 1693 5467 ierusalem]
1717 5401 1758 5442 ss.
1781 5376 1827 5462 (3)

375 5469 395 5553 †
418 5472 492 5553 Ego
516 5469 669 5534 Girardus
693 5471 854 5553 presbiter
876 5470 1044 5534 cardinalis
1067 5468 1142 5554 (tit.)
1164 5473 1264 5533 sancti
1289 5466 1459 5554 Sltephani
1484 5471 1513 5533 in
1535 5471 1623 5535 Celio
1648 5465 1770 5554 monte]
1786 5487 1826 5528 ss.

319 5673 346 5733 a)
366 5666 514 5718 adiudicare.
538 5705 583 5712 w
605 5670 641 5730 .1)
661 5664 698 5713 Ist
713 5665 780 5714 nicht
797 5665 910 5716 rrhalten.
983 5673 1010 5732 2)
1029 5665 1107 5714 Niclrt
1123 5665 1237 5713 tricolim.
