3982 6194
155 240 217 320 136

152 426 330 491 Salvatoris
353 446 508 489 concessa
533 434 591 502 est,
614 446 687 487 cum
713 426 863 489 omnibus
883 426 947 488 suis
968 425 1178 508 pertiuentiis,
1202 425 1347 487 decimas
1363 423 1459 485 etiam
1476 423 1518 485 de
1537 421 1640 485 fundo
1660 420 1820 484 Lovelleti

151 516 193 580 ad
218 517 355 579 eandem
380 516 549 578 ecclesiam
574 517 783 597 pertinentes,
810 516 893 578 sicut
916 518 1040 597 integre
1063 513 1270 577 habebantur
1291 534 1311 575 a
1334 512 1478 586 Casotto,
1508 511 1642 592 quando
1667 510 1819 574 refutavit

151 625 205 668 eas
230 608 262 667 in
286 626 381 667 manu
405 604 564 680 Landulfi‚
588 605 803 668 Ferrariensis
827 607 974 686 episcopi
994 604 1025 687 ¹),
1055 602 1162 666 Murla
1185 624 1258 666 curn
1284 601 1436 664 omnibus
1458 603 1524 663 suis
1547 600 1758 682 pertinentiis,
1781 620 1819 662 ac

152 695 307 776 quicquid
330 693 455 756 habetis
478 693 640 774 Lungithe
664 702 696 755 et
713 691 887 756 Guindelfo
911 695 979 756 sive
995 692 1182 764 Collomari‚
1206 711 1362 765 necnon,
1386 693 1441 772 qui
1465 690 1581 752 dicitur
1599 691 1816 752 Parmuuiano

151 785 220 846 sive
243 782 446 856 Coldisacco,
470 781 638 844 ecclesiam
661 783 761 845 sancti
784 783 883 858 Pauli,
906 803 970 868 que
992 791 1042 845 est
1065 784 1148 843 inter
1170 780 1278 843 villam
1303 778 1465 842 Oventani
1490 787 1522 843 et
1537 776 1652 841 Altum
1676 797 1816 861 passum,

152 892 225 935 cum
251 871 400 934 omnibus
423 871 465 933 ad
490 873 595 952 ipsum
619 870 726 933 locum
751 872 1005 953 pertinentibus,
1041 873 1073 932 in
1107 871 1245 951 campiS,
1275 871 1378 945 terris,
1400 869 1508 944 vineis,
1540 868 1648 950 pratis,
1680 869 1815 950 pascuis,

152 961 257 1036 silviS,
289 960 502 1035 molendinis,
533 960 710 1035 montibus,
742 960 893 1036 vallibus,
926 958 1136 1043 planitiebus,
1167 958 1353 1040 paludibus,
1384 956 1631 1041 piscationibuS,
1661 955 1758 1018 cultis
1786 967 1816 1018 et

152 1050 287 1124 incultis,
319 1048 480 1130 hospitale
511 1049 553 1111 de
577 1048 706 1112 Cavena
737 1070 842 1132 prope
872 1049 1010 1132 burgum
1041 1051 1145 1111 sancti
1170 1046 1297 1111 Genesii
1327 1048 1434 1122 situm,
1464 1066 1536 1109 cum
1567 1047 1725 1109 omnibus
1754 1048 1814 1107 suis

152 1138 362 1220 pertinentiis.
407 1139 508 1200 Porro
532 1138 676 1200 decimas
704 1139 745 1200 ab
774 1138 926 1201 omnibus
960 1138 1094 1222 ecclesie
1117 1145 1223 1217 vestre
1257 1135 1462 1218 parochianis
1493 1136 1573 1198 citra
1605 1155 1813 1217 personarum

152 1228 296 1290 omnium
320 1227 541 1289 infestationes
564 1227 658 1288 vobis
681 1229 861 1307 vestrisque
884 1228 1136 1301 successoribus,
1167 1227 1197 1288 in
1229 1227 1343 1288 eadem
1376 1223 1531 1306 religione
1560 1224 1814 1306 persistentibus,

152 1316 299 1398 accipere
334 1325 367 1378 et
405 1317 436 1377 in
466 1336 542 1377 usus
573 1318 748 1378 canonicos
778 1318 966 1398 dispensare
998 1317 1208 1384 concedimus
1241 1325 1274 1377 et
1305 1316 1465 1397 presentis
1495 1314 1618 1376 decreti
1649 1313 1814 1375 sanctione

152 1404 342 1467 stabilimus.
387 1403 516 1484 Equum
533 1406 618 1466 enim
635 1414 693 1481 est,
717 1414 751 1467 ut
774 1406 892 1484 quibus
907 1404 1085 1487 spiritualia
1100 1407 1275 1477 seminatis,
1292 1423 1403 1466 eorum
1421 1401 1560 1465 carnalia
1576 1422 1650 1465 cum
1666 1401 1814 1484 apostolo

154 1494 288 1557 metatis
336 1490 490 1556 Obeunte
514 1513 591 1556 vero
614 1502 655 1566 te,
680 1514 765 1556 nunc
788 1495 932 1558 eiusdem
956 1495 1019 1557 loci
1043 1494 1158 1576 priore,
1183 1493 1386 1556 veltuorum
1412 1491 1560 1573 quolibet
1582 1510 1813 1564 successorum,

153 1582 257 1644 nullus
281 1583 325 1644 ibi
348 1583 494 1661 qualibet
516 1584 727 1664 surreptionis
750 1586 867 1645 astutia
890 1583 941 1646 vel
964 1583 1117 1646 violentia
1147 1590 1355 1664 preponatur,
1387 1581 1444 1642 nisi
1467 1600 1566 1660 quem
1589 1581 1707 1643 fratres
1730 1600 1814 1643 corn·

154 1673 241 1733 muni
264 1691 421 1734 consensu
444 1671 496 1734 vel
520 1671 652 1733 fratrum
677 1693 751 1753 pars
775 1673 898 1734 consilii
921 1673 1064 1746 sanioris
1088 1672 1267 1734 secundum
1292 1670 1344 1733 dei
1367 1672 1518 1733 timorem
1541 1669 1593 1733 vel
1618 1670 1661 1733 de
1684 1689 1746 1731 suo
1765 1669 1813 1732 vel

154 1760 195 1822 de
211 1759 323 1835 alieno,
346 1761 373 1822 si
396 1760 584 1842 expedierit,
608 1761 774 1844 discipline
798 1761 953 1841 regularis
977 1761 1115 1842 collegio
1140 1761 1342 1843 providerint
1364 1760 1565 1842 eligendum;
1588 1758 1679 1821 salva
1695 1758 1814 1821 Lucani

154 1851 301 1931 episcopi
324 1850 477 1911 canonica
500 1851 686 1923 reverentia,
710 1853 736 1912 si
760 1852 893 1931 quidem
918 1849 1094 1913 catholicus
1118 1850 1213 1912 fuerit
1236 1859 1269 1912 et
1284 1851 1422 1931 gratiam
1436 1857 1536 1930 atque
1551 1848 1815 1912 communionem

153 1938 333 2019 apostolice
355 1939 442 2000 sedis
465 1936 623 2013 habuerit,
647 1959 748 2020 aquo
765 1939 913 2001 nimirum
937 1942 1062 2014 crisma,
1086 1939 1195 2001 oleum
1211 1948 1368 2012 sanctum,
1392 1937 1653 2001 consecrationes
1669 1936 1816 1999 altarium

153 2047 210 2089 seu
233 2026 448 2101 basilicarum,
473 2027 692 2089 ordinationes
716 2027 905 2090 clericorum
930 2029 1103 2109 accipietis,
1126 2031 1152 2090 si
1176 2047 1215 2089 ea
1239 2028 1336 2109 gratis
1359 2035 1393 2089 et
1414 2027 1482 2089 sine
1505 2028 1666 2108 pravitate
1681 2026 1818 2089 voluerit

154 2115 324 2191 exhibere;
363 2116 505 2198 alioquin
535 2115 632 2178 liceat
662 2117 772 2192 vobiS,
810 2138 828 2179 a
860 2136 1069 2197 quocumque
1102 2117 1276 2179 malueritis
1307 2115 1470 2178 catholico
1501 2116 1670 2197 episcopo,
1701 2116 1816 2177 eadem

153 2213 355 2268 sacramenta
369 2206 541 2286 suscipere,
565 2207 629 2284 qui,
646 2206 825 2287 apostolice
848 2208 935 2269 sedis
959 2206 1054 2269 fultus
1077 2208 1278 2280 auctoritate,
1309 2204 1398 2285 quod
1422 2204 1612 2286 postulatur,
1642 2205 1818 2286 indulgeat.

154 2293 225 2357 Nec
248 2295 354 2357 eidem
379 2294 536 2376 episcopo
565 2292 669 2367 liceat,
699 2295 806 2358 locum
831 2298 936 2377 ipsum
968 2305 1022 2358 aut
1054 2295 1167 2357 fratres
1190 2293 1374 2357 habitantes
1396 2293 1516 2355 ibidem
1547 2313 1608 2375 pro
1633 2302 1817 2355 nostrarum

153 2383 399 2446 concessionum
431 2382 625 2445 emulatione
656 2386 938 2447 excommunicare
965 2385 1017 2446 vel
1047 2385 1248 2459 interdicere,
1279 2385 1337 2446 nisi
1372 2403 1432 2464 pro
1466 2384 1561 2445 certis
1592 2381 1707 2463 culpis,
1737 2402 1819 2463 quas

152 2471 278 2557 (ilidem
302 2472 426 2547 fratres,
448 2473 602 2535 canonice
624 2472 790 2549 admoniti,
813 2475 987 2536 emendare
1010 2482 1285 2553 contempserunt.
1325 2472 1481 2553 Baptismi
1505 2491 1598 2533 usum
1623 2473 1654 2532 in
1678 2471 1820 2533 sabbato

153 2569 266 2625 sancto
289 2570 502 2644 pentecosten
521 2563 548 2642 a)
564 2582 583 2624 a
599 2562 759 2642 preteritis
782 2564 986 2643 temporibus
1010 2560 1149 2624 habituri
1168 2559 1205 2644 b),
1228 2564 1272 2624 ita
1288 2571 1394 2624 vestre
1415 2560 1550 2622 ecclesie
1574 2561 1819 2642 inperpetuum

155 2651 393 2724 confirmamus,
417 2659 452 2712 ut
475 2651 569 2713 nullis
586 2652 690 2731 possit
706 2651 954 2714 emulationibus
970 2651 1020 2713 vel
1035 2651 1157 2714 insidiis
1173 2650 1345 2731 prohiberi.
1383 2647 1470 2712 Sane
1486 2657 1605 2724 autem,
1628 2651 1654 2711 si
1673 2651 1819 2712 canonici

154 2741 255 2803 sancti
279 2739 408 2802 Martini
432 2741 521 2800 iuxta
544 2741 708 2821 antiquam
736 2741 1002 2803 consuetudinem
1028 2740 1069 2802 ad
1095 2739 1263 2802 ecclesiam
1285 2741 1388 2801 sancti
1404 2739 1546 2801 Fridiani
1563 2740 1595 2800 in
1613 2739 1668 2800 die
1690 2739 1819 2801 sabbati

153 2831 255 2892 sancti
276 2826 303 2913 c)
327 2835 540 2910 pentecosten
565 2849 625 2909 pro
650 2829 814 2910 baptismo
830 2829 1027 2892 celebrando
1051 2830 1159 2891 venire
1183 2829 1352 2904 noluerint,
1373 2827 1597 2890 nichilominus
1622 2826 1741 2891 eodem
1767 2829 1820 2890 die

155 2918 308 3000 baptismi
332 2917 519 2979 celebrandi
543 2917 704 2980 licentiam
729 2917 887 2980 habeatis.
932 2917 1019 2981 Nulli
1044 2926 1151 2980 autem
1176 2919 1367 2981 secularium
1392 2925 1590 2999 potestatum
1615 2916 1698 2979 infra
1721 2919 1820 2979 vestri

156 3008 285 3070 cenobii
309 3007 483 3069 claustrum
505 3005 603 3068 liceat
624 3005 791 3088 hospitari,
816 3028 856 3070 ne
880 3007 1013 3069 fratrum
1037 3008 1231 3089 regularium
1255 3009 1348 3086 quies
1371 3007 1556 3070 huiusmodi
1572 3008 1820 3088 presumptione

155 3098 311 3160 turbetur.
355 3094 452 3156 Nulla
476 3096 619 3175 quietem
643 3104 783 3157 vestram
809 3097 1052 3177 processionum
1077 3105 1131 3158 aut
1161 3097 1350 3159 letaniarum
1374 3095 1425 3158 vel
1455 3094 1696 3176 sepulturarum
1727 3104 1821 3157 extra

156 3194 295 3249 vestram
337 3182 525 3265 parochiam
564 3193 677 3246 contra
708 3193 848 3247 vestram
888 3187 1157 3248 consuetudinem
1198 3186 1367 3267 perturbet
1405 3185 1547 3247 indictio.
1599 3182 1821 3248 Parochianos

156 3283 290 3349 vestros,
316 3273 372 3336 nisi
396 3272 481 3335 forte
504 3273 638 3354 publico
662 3275 797 3336 crimine
818 3284 997 3350 teneantur,
1021 3275 1133 3349 nullus,
1158 3277 1265 3337 invitis
1287 3274 1381 3337 vobis
1405 3284 1437 3337 et
1460 3273 1657 3346 inconsultis,
1688 3293 1820 3336 excom·

158 3364 320 3426 municare
342 3370 398 3423 aut
421 3361 463 3423 ad
493 3362 701 3444 penitentiam
732 3372 900 3444 presumat
930 3364 1110 3426 admittere.
1156 3362 1287 3425 Nullum
1318 3371 1498 3426 vestrorum
1532 3361 1820 3443 parrochianorum

158 3454 308 3534 cuiquam
338 3450 571 3513 monachorum
602 3452 780 3514 aliorumve
813 3452 1003 3515 clericorum
1027 3453 1121 3515 liceat
1153 3473 1268 3535 urgere
1306 3450 1357 3514 vel
1388 3460 1548 3514 mortuum
1586 3450 1726 3533 sepelire
1763 3472 1822 3514 nec

158 3544 256 3605 etiam
281 3542 310 3603 ei
335 3540 543 3621 penitentiam
569 3541 646 3603 dare
670 3540 795 3622 absque
818 3550 927 3605 vestro
955 3562 1123 3617 consensu,
1154 3550 1205 3603 set
1227 3562 1286 3603 vos
1315 3540 1377 3625 hec
1408 3542 1517 3603 omnia
1549 3549 1660 3621 preter
1688 3540 1822 3604 alicuius

157 3629 397 3693 infestationem
428 3626 523 3691 huius
545 3637 656 3713 sancte
679 3631 766 3692 sedis
799 3630 870 3692 freti
893 3634 1086 3694 auctoritate
1109 3633 1264 3712 peragite.
1312 3629 1440 3704 Oleum,
1470 3631 1597 3701 crisma,
1628 3648 1693 3709 que
1716 3639 1823 3693 vestra

158 3720 290 3798 antiqua
312 3718 547 3780 consuetudine
570 3717 670 3781 habet
701 3719 843 3793 ecclesia,
877 3721 1007 3783 maioris
1037 3722 1175 3801 ecclesie
1207 3720 1312 3782 clerici
1345 3718 1406 3781 hac
1430 3720 1524 3782 vobis
1555 3719 1729 3782 occasione
1759 3741 1823 3782 nou

156 3809 302 3871 auferant
326 3826 430 3886 neque
454 3805 589 3868 clericos
613 3816 737 3870 vestros
761 3809 912 3871 ordinare
936 3808 1140 3891 prohibeant.
1186 3809 1301 3871 Liceat
1324 3829 1455 3890 quoque
1479 3807 1581 3882 vobis,
1612 3807 1751 3871 clericos
1783 3810 1825 3871 de

92 3912 97 3923 ·
157 3897 269 3960 seculo
303 3895 463 3978 fugientes
494 3904 571 3976 post
599 3897 731 3976 petitam
756 3897 798 3959 ab
829 3899 994 3979 episcopis
1021 3899 1085 3960 suis
1117 3898 1276 3960 licentiam
1310 3899 1352 3960 ad
1383 3899 1628 3960 conversionem
1660 3897 1824 3978 suscipere

158 3994 192 4048 et
214 3988 245 4048 in
269 3994 378 4048 vestro
402 3982 541 4066 collegio
565 3987 710 4047 retinere.
755 3984 967 4049 Prohibemus
991 3988 1097 4060 etiam,
1131 3995 1165 4049 ut
1189 3987 1293 4049 nullus
1317 4006 1469 4066 umquam
1494 3985 1724 4048 canonicorum
1749 3994 1825 4067 post

159 4075 279 4138 factam
304 4072 379 4136 inibi
403 4071 639 4154 professionem
663 4073 788 4152 absque
811 4075 914 4137 libera
938 4077 1052 4156 prioris
1076 4085 1110 4138 et
1140 4077 1273 4138 fratrum
1304 4076 1442 4145 licentia,
1473 4074 1614 4154 quandiu
1647 4077 1825 4138 canonicus

160 4164 204 4226 ibi
228 4163 311 4225 ordo
333 4162 520 4237 servabitur,
549 4163 719 4225 ecclesiam
744 4165 894 4226 deserere
917 4165 1014 4226 etad
1038 4164 1137 4227 alium
1163 4166 1306 4227 eiusdem
1331 4164 1381 4226 vel
1406 4163 1534 4226 alterius
1565 4163 1691 4225 ordinis
1715 4165 1824 4227 locum

159 4252 279 4315 audeat
301 4253 502 4333 pertransire.
549 4250 604 4314 Ad
638 4249 698 4335 hec
731 4252 903 4326 adicimus,
937 4262 972 4315 ut
1002 4254 1076 4315 nulli
1107 4253 1275 4315 hominum
1310 4253 1357 4314 fas
1390 4256 1440 4326 sit,
1473 4255 1505 4315 in
1528 4260 1636 4315 vestra
1669 4252 1825 4334 parochia

158 4340 285 4420 absque
317 4342 432 4421 prioris
464 4348 497 4401 et
528 4339 659 4403 fratrum
693 4361 825 4404 assensu
855 4350 955 4422 atque
987 4345 1170 4404 coniventia
1201 4341 1369 4404 ecclesiam
1400 4341 1552 4404 edificare
1575 4340 1627 4402 vel
1660 4339 1825 4424 hospitale

159 4439 355 4494 construere.
401 4428 557 4490 Iudicium
581 4449 667 4505 sane,
697 4431 787 4511 quod
821 4431 965 4493 eiusdem
998 4431 1061 4493 loci
1093 4433 1181 4512 prior
1209 4432 1251 4493 de
1275 4431 1384 4510 aliquo
1408 4433 1552 4513 ipsorum
1577 4429 1713 4492 fratrum
1738 4451 1826 4493 com·

160 4522 249 4582 muni
280 4518 330 4580 vel
362 4518 497 4579 sanioris
530 4520 628 4599 partis
663 4521 799 4582 consilio
831 4519 1063 4582 rationabiliter
1095 4521 1223 4593 fecerit,
1259 4520 1333 4582 nulli
1366 4529 1540 4583 retractare
1572 4518 1624 4581 vel
1654 4520 1826 4582 immutare

160 4608 263 4684 liceat,
289 4608 377 4669 salva
400 4608 549 4668 nimirum
566 4609 598 4669 in
623 4609 771 4671 omnibus
794 4608 974 4690 apostolice
997 4610 1084 4671 sedis
1107 4609 1297 4671 auctoritate
1321 4618 1353 4672 et
1377 4611 1564 4672 reverentia.
1610 4606 1828 4671 Deceruimus

160 4717 249 4780 erg0,
273 4706 308 4760 ut
330 4695 406 4759 nulli
430 4696 561 4758 omnino
584 4694 751 4761 hominum
775 4697 878 4772 liceat,
902 4698 1062 4780 prefatam
1094 4699 1263 4760 ecclesiam
1290 4749 1295 4761 .
1322 4749 1327 4760 .
1353 4749 1359 4761 .
1384 4699 1494 4760 usibus
1524 4696 1722 4760 omnimodis
1754 4718 1828 4780 pro·

160 4788 274 4850 futura.
321 4784 355 4849 Si
380 4805 444 4866 qua
468 4786 566 4866 igitur
590 4834 596 4847 .
622 4834 629 4847 .
654 4836 660 4849 .
685 4786 960 4849 Conservantibus
984 4796 1116 4850 autem.
1136 4788 1352 4850 ..inveniant
1392 4787 1508 4849 Amen.
1531 4785 1622 4848 Am.
1648 4786 1770 4849 Amen.
1786 4823 1828 4834 -

372 4873 427 4951 (R)
451 4875 525 4953 Ego
549 4872 743 4938 Anastasius
766 4874 925 4958 catholice
949 4876 1085 4955 ecclesie
1109 4878 1284 4958 episcopus
1307 4898 1347 4937 ss.
1372 4876 1433 4955 (M)

374 4959 393 5043 †
417 4962 490 5043 Ego
513 4963 655 5026 Ymarus
678 4962 879 5026 Tusculanus
904 4966 1077 5047 episcopus
1100 4986 1141 5027 ss.

373 5048 393 5132 †
417 5050 490 5132 Ego
514 5050 613 5133 Hugo
637 5051 795 5116 Ostiensis
819 5052 993 5135 episcopus
1016 5074 1056 5117 ss

372 5140 393 5217 †
417 5140 490 5222 Ego
514 5137 649 5204 Cencius
672 5143 857 5205 Portuensis
881 5151 914 5204 et
937 5152 1048 5205 sancte
1071 5144 1187 5224 Rufine
1211 5143 1386 5224 episcopus
1409 5163 1450 5204 ss.
1475 5138 1521 5225 (8)

372 5265 416 5276 —
438 5228 459 5311 i
481 5230 555 5311 Ego
581 5228 755 5313 Gregorius
779 5232 941 5312 presbiter
965 5233 1133 5296 cardinalis
1157 5235 1204 5295 tit.
1229 5232 1346 5295 Calixti
1369 5252 1408 5293 ss

373 5318 393 5398 †
416 5317 489 5401 Ego
514 5317 623 5382 Guido
647 5318 807 5402 presbiter
831 5320 999 5383 cardinalis
1022 5325 1070 5384 tit.
1094 5323 1194 5385 sancti
1220 5319 1393 5401 Grisogoni
1415 5340 1456 5381 ss
1482 5317 1528 5403 (1)

373 5407 393 5489 †
416 5407 490 5490 Ego
514 5408 702 5471 Manfredus
726 5409 887 5492 presbiter
910 5411 1080 5475 cardinalis
1103 5414 1151 5474 tit.
1175 5418 1286 5473 sancte
1309 5409 1427 5472 Savine
1451 5428 1491 5470 ss.

163 5516 447 5617 ——q-offi
461 5516 607 5614 Μνῷ
628 5555 792 5613 pentecosten
809 5553 847 5600 als
868 5550 947 5601 Geniti
965 5553 974 5601 ?
1086 5552 1114 5611 b]
1133 5553 1208 5601 barser
1224 5550 1360 5600 habiturum
1462 5552 1486 5613 c)
1506 5554 1592 5597 saneto
1616 5551 1693 5615 vcrgl.
1712 5550 1785 5599 Arma
1804 5564 1827 5596 a.

161 5660 212 5669 ..-
231 5622 268 5690 .1)
289 5622 418 5691 landulfi
437 5622 540 5687 Bischcff
553 5637 599 5669 von
618 5622 731 5683 birram,
754 5625 933 5674 nor-1138.
