3982 6194
158 432 396 500 decollationis
426 439 529 501 sancti
553 430 704 499 Iohannis
734 431 886 517 baptiste,
917 431 1088 499 beatorum
1114 428 1199 499 Petri
1225 446 1257 499 et
1280 428 1369 500 Pauli
1397 437 1624 520 apostolorum
1649 447 1682 502 et
1705 438 1841 503 aliorum

159 533 194 587 et
210 524 673 608 evangelistarum‘Michelis
689 523 884 607 archangeli,
908 527 939 587 in
957 525 1040 588 festo
1058 527 1202 588 omnium
1218 534 1403 589 sanctorum
1428 536 1461 589 et
1477 530 1509 590 in
1526 531 1840 593 commemoratione

159 614 345 679 animarum
377 625 411 679 et
442 616 472 677 in
504 617 582 678 dicti
612 615 801 678 monasterii
835 614 1041 677 dedicatione
1073 623 1105 677 et
1138 617 1170 678 ln
1200 615 1290 678 sestis
1320 624 1506 679 sanctorum
1539 614 1699 695 Stephani
1730 627 1841 700 proto·

160 705 329 785 martyris,
358 704 535 781 Laurentii,
560 703 733 778 Vincentii,
763 703 837 777 Viti,
866 701 1000 786 Ypoliti,
1029 701 1161 767 Achatii
1187 713 1374 785 martyrum,
1406 705 1546 780 Martini,
1570 705 1733 788 Nycolay,
1762 705 1841 770 Gre-

160 795 258 873 gorii,
286 795 405 876 Egidii,
436 793 609 876 Augustini
639 793 878 866 consessorum,
915 813 974 856 nec
1007 813 1071 856 non
1103 794 1271 856 beatarum
1305 793 1409 856 Marie
1444 795 1657 877 Magdalene,
1691 794 1840 878 Agnetis,

161 880 361 964 Margarete,
385 883 494 957 Lucie,
517 881 705 959 Katharine,
729 881 877 957 Caecilie,
901 881 1056 956 Elizabet,
1080 891 1113 945 et
1136 903 1196 965 per
1219 891 1351 946 octavas
1375 885 1594 965 predictarum
1623 884 1841 963 festivitatum,

161 979 301 1034 octavas
325 971 517 1036 habentium
540 971 737 1054 singulisque
761 971 877 1034 diebus
901 972 1072 1034 dominicis
1096 980 1128 1034 et
1150 972 1271 1034 sestivis
1291 993 1329 1035 ac
1352 973 1498 1036 sabbatis
1522 975 1620 1037 totius
1643 976 1718 1037 anni
1743 995 1840 1037 causa

161 1061 360 1136 devotionis,
393 1062 548 1124 orationis
581 1070 636 1125 aut
667 1060 933 1144 peregrinationis
961 1061 1165 1135 accesserint,
1195 1061 1247 1125 vel
1271 1063 1324 1144 qui
1349 1065 1463 1136 missis,
1488 1064 1663 1138 matutinis,
1686 1066 1840 1146 vesperis,

161 1150 449 1232 predicationibus
475 1161 532 1214 aut
564 1151 632 1213 aliis
656 1151 771 1213 divinis
794 1149 908 1212 officiis
937 1150 1139 1213 interfuerint
1162 1160 1218 1213 aut
1240 1153 1388 1231 exequiis
1411 1150 1462 1214 vel
1494 1153 1696 1215 aniversariis
1720 1161 1840 1215 mortu·

161 1258 259 1301 orum
293 1248 350 1302 aut
371 1241 569 1320 quicumque
601 1261 720 1322 corpus
744 1236 863 1303 Christi
887 1248 943 1301 aut
967 1239 1076 1302 oleum
1100 1260 1237 1315 sacrum,
1267 1261 1340 1303 cum
1372 1239 1504 1303 infirmis
1528 1249 1707 1323 portantur,
1738 1244 1839 1305 secuti

162 1327 292 1403 luerint,
316 1338 372 1392 aut
396 1330 451 1411 qui
475 1331 508 1392 in
524 1331 590 1391 suis
613 1328 816 1392 testamentis
833 1327 884 1390 vel
909 1337 1002 1392 extra
1018 1330 1218 1404 vestimenta,
1242 1330 1350 1405 libros,
1374 1329 1498 1405 caliceS,
1522 1339 1703 1412 argentum,
1727 1352 1840 1394 aurum

161 1416 215 1479 vel
239 1420 355 1498 quevis
378 1419 443 1480 alia
466 1418 554 1481 bona
578 1419 668 1481 dicto
693 1419 891 1481 monasterio
916 1420 1116 1481 neccessaria
1140 1419 1342 1493 donaverint,
1373 1419 1552 1500 legaverint
1575 1428 1631 1482 aut
1653 1421 1766 1483 donari
1788 1421 1840 1483 vel

161 1504 265 1588 legari
299 1510 553 1590 procuraverint,
586 1509 878 1588 quotienscumque
907 1516 1207 1589 quantumcumque
1238 1508 1433 1589 ubicumque
1458 1512 1615 1590 premissa
1639 1509 1691 1571 vel
1714 1510 1839 1589 aliquid

162 1596 400 1676 premissorum
424 1596 569 1672 fecerint,
584 1598 636 1659 -de
660 1599 895 1679 omnipotentis
919 1597 971 1658 dei
997 1598 1215 1659 misericordia
1245 1617 1283 1659 ac
1316 1597 1358 1659 de
1382 1597 1552 1660 beatorum
1578 1598 1662 1661 Petri
1686 1607 1719 1660 et
1742 1598 1840 1673 Pauli,

162 1688 233 1747 eius
256 1686 495 1767 apostolorum,
519 1688 712 1749 auctoritate
736 1685 849 1749 confisi
873 1687 1109 1768 quinquaginta
1134 1685 1277 1748 karrinas
1301 1695 1334 1748 et
1357 1695 1422 1748 tres
1446 1707 1550 1749 annos
1574 1687 1782 1750 criminalium
1807 1697 1840 1750 et

161 1793 224 1836 sex
247 1795 353 1837 annos
376 1775 550 1838 venialium
582 1784 793 1858 peccatorum
824 1776 866 1837 de
896 1775 1033 1838 iniuncta
1065 1778 1111 1837 eis
1145 1778 1323 1858 penitentia
1358 1777 1608 1839 misericorditer
1640 1778 1672 1838 in
1703 1777 1838 1840 domino

162 1863 359 1926 relaxamus.
406 1864 440 1928 Si
471 1865 543 1944 quis
572 1886 665 1939 vero,
698 1865 787 1946 quod
818 1886 882 1926 non
913 1865 1090 1937 credimus,
1121 1885 1200 1926 ausu
1229 1866 1402 1927 temerario
1432 1874 1544 1928 contra
1578 1885 1630 1940 ea,
1662 1884 1726 1944 que
1754 1887 1792 1928 ac
1813 1870 1839 1947 ³)

162 1961 277 2015 nostra
309 1953 419 2016 stabili
452 1962 485 2016 et
516 1954 704 2017 inconvulsa
732 1953 885 2017 firmitate
917 1954 969 2035 pie
999 1962 1031 2016 et
1062 1953 1199 2016 fideliter
1223 1974 1282 2036 per
1312 1952 1376 2016 hoc
1400 1963 1544 2016 nostrum
1560 1954 1772 2037 *privilegium
1796 1956 1838 2017 ad

162 2040 327 2105 honorem
344 2050 377 2104 et
394 2042 577 2106 relevamen
595 2043 710 2126 prefati
734 2044 923 2106 monasterii
946 2051 1021 2105 sunt
1037 2043 1171 2117 indulta,
1196 2044 1363 2126 quippiam
1379 2043 1469 2105 initio
1486 2046 1652 2125 premissis
1669 2046 1837 2106 dissonum

162 2133 396 2207 attemtaverit,
418 2134 508 2206 sciat,
532 2153 568 2195 se
591 2133 783 2196 auctoritate
806 2133 900 2205 Petri,
925 2132 1080 2214 principis
1105 2134 1251 2194 omnium
1275 2132 1511 2215 apostolorum,
1536 2142 1721 2212 nostraque,
1748 2135 1839 2196 cuius

162 2222 306 2282 inmeriti
330 2222 436 2284 vicem
461 2224 595 2303 agimus,
619 2220 835 2285 anathematis
858 2220 993 2284 vinculis
1018 2223 1208 2284 innodatum
1234 2229 1356 2284 etcum
1378 2220 1524 2301 dyabolo
1548 2224 1682 2300 eiusque
1707 2225 1839 2304 pompis

162 2311 377 2372 atrocissimis
404 2319 503 2392 atque
535 2332 608 2374 cum
633 2310 721 2385 Iuda,
750 2311 905 2374 traditore
937 2309 1059 2373 domini
1092 2313 1192 2373 nostri
1215 2310 1286 2373 lesu
1312 2309 1436 2385 Christi,
1466 2310 1567 2373 eterni
1596 2310 1765 2393 suppliciis
1793 2314 1839 2373 in·

162 2399 269 2461 cendii
293 2401 579 2476 concremandum,
612 2403 670 2463 nisi
696 2400 863 2482 resipuerit
895 2420 933 2462 ac
963 2400 1149 2482 supradicte
1180 2399 1391 2482 indulgentie,
1422 2419 1482 2481 per
1504 2420 1563 2462 nos
1587 2401 1839 2463 misericorditer

163 2487 299 2562 indulte,
331 2509 443 2551 aurem
477 2483 598 2552 cordis*
619 2490 783 2553 credulam
819 2489 959 2552 inclinet.
1004 2486 1052 2550 At
1075 2509 1168 2564 vero,
1199 2491 1254 2569 qui
1288 2490 1426 2552 devotus
1457 2498 1649 2570 prosecutor
1679 2490 1839 2553 exstiterit

160 2575 256 2640 huius
282 2578 383 2640 nostri
407 2579 575 2661 privilegii,
599 2581 711 2661 utique
734 2580 775 2641 ad
800 2579 924 2642 cultum
948 2579 1002 2641 dei
1025 2579 1234 2661 respicientis
1259 2579 1498 2641 benedictionis
1522 2578 1693 2660 gratiama
1718 2581 1839 2642 miseri·

162 2667 356 2729 cordissimo
380 2668 445 2730 deo
469 2675 503 2730 et
526 2669 661 2732 domino
686 2668 907 2751 multipliciter
931 2676 1156 2747 consequatur.
1203 2665 1323 2731 Sancta
1354 2669 1479 2730 trinitas
1503 2665 1672 2730 karitatem
1696 2678 1839 2731 vestram

161 2756 323 2820 illibatam
348 2757 521 2820 custodiat.

324 2845 455 2927 Scripta
489 2867 549 2929 per
584 2867 699 2910 manus
731 2846 916 2919 Benedicti,
960 2845 1145 2908 Portuensis
1181 2847 1329 2928 episcopi
1366 2856 1398 2909 et
1433 2844 1693 2909 bibliothecharii
1726 2854 1838 2909 sancte

161 2934 313 2997 Romane
337 2934 482 2998 ecclesie.

323 3023 409 3088 Data
443 3040 482 3089 111
516 3025 601 3089 Non.
642 3023 765 3087 Ianuar.
822 3021 922 3087 Anno
965 3024 1077 3087 domni
1119 3023 1289 3087 Benedicti
1325 3044 1411 3106 pape
1460 3025 1564 3087 octavi
1606 3032 1732 3106 quarto.
1789 3026 1838 3088 ln·

161 3115 309 3177 dictione
333 3128 381 3177 111.

323 3229 446 3293 Absckn'st
462 3245 517 3278 vom
538 3232 570 3278 14
592 3227 683 3292 Jahrb.
703 3228 743 3277 des
764 3227 818 3276 cod.
839 3230 882 3277 lat.
902 3228 992 3277 23263
1001 3226 1030 3290 f.
1054 3229 1092 3285 12,
1112 3226 1138 3275 r'n
1156 3226 1199 3274 der
1217 3226 1347 3275 Bibliothek
1364 3244 1393 3276 au
1412 3226 1542 3276 Mencken.

324 3301 391 3349 Dass
415 3301 452 3349 die
472 3300 590 3350 Urkunde
613 3298 681 3348 nith!
703 3300 729 3348 in
750 3299 873 3364 Ordnung
894 3299 935 3359 isi,
963 3298 1048 3362 ergiebt
1070 3298 1119 3346 siclt
1137 3298 1208 3346 scium
1226 3314 1271 3346 aus
1295 3299 1339 3346 der
1356 3300 1488 3363 Scriptum·
1512 3299 1567 3348 und
1583 3299 1772 3363 Datumformel,
1801 3315 1839 3348 wo

160 3371 275 3420 Benedict
298 3388 346 3421 von
372 3373 443 3421 Porto
466 3374 504 3421 als
529 3371 753 3435 Scriptumbeamter
771 3377 882 3436 gerranni
898 3371 934 3429 ist,
961 3369 1081 3418 wdhrend
1102 3386 1129 3418 er
1152 3387 1203 3418 nm
1225 3371 1263 3417 als
1281 3371 1365 3418 Datur
1387 3372 1527 3420 vorkommi.
1568 3369 1766 3435 Pontifikatsjahr
1786 3371 1842 3418 und

159 3443 283 3491 Indiktion
301 3444 413 3492 stimmm
430 3444 497 3492 nicht
513 3458 657 3492 zusammen.
697 3443 754 3492 fast
770 3441 860 3490 scheint
876 3457 907 3501 es,
937 3443 974 3490 alr
991 3442 1052 3489 scrin
1071 3443 1145 3490 ditser
1167 3441 1236 3489 Their
1255 3441 1299 3490 der
1319 3442 1436 3492 UrkmuIe
1453 3444 1509 3491 und
1523 3443 1560 3490 die
1578 3441 1780 3504 Schlussformcln
1799 3441 1840 3489 des

159 3515 318 3578 Konsknpres
341 3516 385 3564 der
411 3515 528 3564 Urkunde
550 3515 674 3563 Bmedicts
697 3514 762 3563 VIII
780 3529 835 3562 vom
863 3513 942 3578 Jadre
962 3515 1030 3562 1013
1057 3512 1150 3579 (Jaffe',
1170 3512 1227 3577 Reg.
1247 3515 1324 3573 3996,
1348 3515 1426 3574 3051)
1454 3522 1608 3562 enlnommen.
1650 3513 1789 3562 Indictione
1808 3525 1838 3562 111

158 3586 246 3634 11111111
264 3598 351 3635 merxi
369 3588 473 3636 verlesen
490 3587 548 3644 sein,
559 3587 614 3650 fiir
630 3586 724 3647 lun(io)
742 3587 785 3633 lrut
800 3584 873 3633 scion
895 3585 1045 3644 Gr‘erebreclrl,
1065 3584 1228 3650 Il'aisrrgerclr.
1248 3585 1281 3633 II
1296 3587 1320 3634 S.
1341 3589 1390 3634 600
1409 3585 1524 3634 Ianuario
1549 3585 1648 3648 cojicirt,
1672 3584 1770 3632 welches
1787 3585 1836 3632 sidr

158 3657 211 3705 Iu'er
232 3657 321 3724 findet.
360 3658 428 3707 Doclr
450 3675 514 3723 ganz
537 3657 614 3706 richer
635 3658 666 3706 r'rI
692 3658 730 3705 dr'e
748 3655 825 3706 sache
848 3656 921 3716 nicht,
947 3657 984 3705 die
1008 3657 1211 3720 Schlusssormeln
1235 3658 1310 3722 stigen
1334 3658 1397 3705 auch
1421 3656 1508 3705 wieder
1529 3655 1640 3704 mondus
1661 3655 1836 3705 Abweictende.

159 3730 208 3777 Die
226 3731 424 3795 Bestimmungen
448 3731 506 3778 siml
526 3730 661 3794 ergenurlrg,
690 3730 746 3777 aber
771 3727 839 3777 nicht
863 3728 992 3792 unbedingt
1015 3744 1045 3775 au
1068 3729 1210 3791 vemuersen,
1238 3729 1281 3776 wie
1303 3727 1447 3777 nammllich
1475 3727 1618 3792 I'ravilegIen
1637 3728 1690 3791 sier
1714 3725 1838 3791 spanisclre

159 3801 272 3851 Institure
299 3803 416 3850 bewer'sm.
461 3801 502 3850 Ich
535 3816 603 3865 wage
635 3800 731 3849 deshnlb
763 3799 829 3848 nicht
861 3801 905 3847 mit
926 3800 1069 3862 deerrj‘eld
1090 3803 1100 3861 <
1105 3801 1133 3864 J.
1155 3807 1180 3863 p.
1200 3802 1263 3863 509)
1292 3800 1329 3848 dr'e
1356 3799 1472 3848 Urkunde
1504 3801 1541 3847 aIr
1573 3799 1694 3863 gefdlsclrl
1724 3815 1753 3846 ru
1784 3814 1837 3847 ver-

158 3874 261 3937 werfm,
288 3875 365 3922 seiner
381 3873 414 3921 im
432 3873 565 3921 Auschlusr
583 3889 616 3920 an
635 3875 796 3921 Ir'otlmanner
817 3872 932 3935 ersoglm
953 3871 1107 3935 Einrer'hung
1127 3881 1199 3919 rrnter
1222 3871 1267 3919 das
1287 3871 1357 3936 Jahr
1377 3873 1445 3920 1010
1462 3871 1524 3919 nach
1554 3872 1605 3919 dem
1629 3870 1838 3935 Pontifikulsjadre

157 3961 258 4010 vmrag
277 3945 316 3995 ich
335 3945 397 3993 mich
416 3961 458 3994 um
476 3961 501 3992 ro
519 3944 622 4008 wmrger
638 3944 830 4001 anarrscdliessen,
850 3944 887 3990 alr
904 3943 940 3990 die
958 3943 1028 3990 dritIe
1040 3942 1160 3990 Irrdr'ction
1173 3944 1262 4006 geradc
1280 3943 1332 4006 uus
1345 3943 1389 3990 das
1410 3942 1561 4006 71111010
1578 3943 1650 4001 weist,
1669 3958 1706 3989 wo
1719 3942 1835 3990 Bmdikt

157 4019 183 4066 in
201 4017 379 4065 Deutschland
394 4017 468 4065 weille
485 4016 540 4064 und
547 4018 601 4080 sic'r
618 4016 725 4064 dmtsche
743 4015 829 4078 Str'fter
845 4014 983 4064 urhmdele.

933 4298 999 4374 Nr.
1031 4303 1066 4383 8.

420 4452 482 4516 Leo
499 4449 557 4516 IX
573 4447 722 4533 bestdtigt
742 4449 815 4514 dem
837 4449 1021 4530 Hocltstifte
1043 4449 1204 4523 Besancon
1227 4451 1314 4513 sez'ne
1336 4449 1577 4513 Besitztlntmer.

826 4587 908 4646 1049
926 4582 1107 4646 November
1121 4587 1171 4646 16.

321 4715 393 4782 Leo
417 4721 602 4802 episcopus,
627 4738 737 4782 servus
761 4737 927 4781 servorum
952 4717 1398 4802 deib),dilectissimisfi1iis
1423 4718 1565 4801 Hugoni,
1590 4716 1835 4800 archiepiscopo

154 4818 293 4873 sanctae
318 4807 605 4893 Chrisopolitanae
630 4809 787 4872 ecclesiae
807 4810 840 4886 ¹),
864 4805 1033 4871 Willelmo
1057 4809 1256 4890 praeposito,
1279 4807 1489 4871 Theodorico
1513 4809 1648 4881 decano,
1672 4807 1835 4870 Rotberto

155 4900 287 4964 cantori
313 4901 514 4979 caeterisque
539 4899 703 4961 canonicis
735 4896 891 4960 ecclesiae
914 4896 1044 4960 loannis
1078 4897 1296 4978 evangelistae
1327 4907 1360 4961 et
1393 4897 1642 4980 protomartyris
1666 4893 1835 4978 Stephani,

155 4992 189 5052 in
216 5007 284 5069 qua
307 4989 529 5068 resquiescunt
559 5007 699 5070 corpora
730 4986 902 5048 beatorum
937 4995 1114 5067 martyrum
1139 4985 1281 5049 Ferreoli
1313 4996 1346 5049 et
1369 4986 1518 5060 Ferrucii,
1552 5004 1733 5065 eorumque
1765 5005 1835 5047 suc·

154 5077 355 5140 cessoribus.
394 5075 534 5158 Semper
549 5097 588 5140 ea
604 5077 815 5139 concedenda
830 5084 905 5138 sunt
920 5097 939 5138 a
956 5076 1060 5149 nobis,
1078 5096 1162 5157 quae
1179 5077 1423 5139 rationabilibus
1440 5083 1637 5157 quaeruntur
1653 5075 1836 5148 desideriis;

155 5174 295 5250 oportet
319 5175 427 5229 autem
452 5169 657 5250 poscentium
682 5167 799 5228 animis
824 5173 961 5246 paterno
985 5163 1104 5227 affectu
1129 5184 1294 5228 assensum
1321 5166 1488 5248 praebere,
1513 5174 1548 5228 ut
1571 5165 1705 5227 devotio
1722 5182 1834 5226 eorum

153 5257 186 5319 in
214 5257 420 5338 praestandis
444 5259 561 5318 nostris
586 5254 760 5337 privilegiis
784 5275 849 5316 non
874 5255 1063 5336 denegetur,
1088 5256 1165 5333 quia
1189 5274 1230 5317 ex
1254 5253 1318 5318 hoc
1334 5255 1410 5318 lucri
1428 5256 1635 5337 potissimum
1653 5254 1834 5335 praemium

154 5366 174 5408 a
199 5345 374 5407 conditore
398 5347 541 5408 omnium
567 5345 631 5407 deo
656 5343 770 5426 procul
794 5343 895 5405 dubio
919 5344 1124 5418 merebimur,
1147 5346 1174 5405 si
1199 5363 1246 5417 ea,
1279 5365 1363 5426 quae
1390 5346 1511 5407 sanctis
1542 5342 1683 5406 ecclesiis
1714 5343 1835 5405 donata

153 5443 242 5509 sunt,
268 5443 382 5497 nostra
405 5434 524 5497 luerint
546 5435 742 5497 auctoritate
765 5431 967 5496 confirmata.
1015 5432 1116 5515 Igitur
1138 5434 1214 5512 quia
1237 5434 1424 5515 postulastis
1449 5454 1468 5496 a
1493 5433 1599 5508 nobis,
1630 5432 1834 5495 corroborari
