3982 6194
1765 233 1824 298 113

151 404 274 466 dochio
299 405 343 468 de
366 403 458 469 Cuna
482 406 575 468 unius
598 407 681 470 cerei
706 427 813 481 censu,
847 427 945 487 quem
973 408 1066 470 annis
1095 405 1230 487 singulis
1256 407 1415 487 episcopo
1439 404 1573 468 Senensi
1605 404 1733 470 debetis
1756 428 1828 488 per·

151 494 288 557 solvere.
334 493 392 556 Ad
415 496 571 557 indicium
595 506 704 558 autem
727 495 821 558 huius
845 497 958 559 asede
974 496 1158 578 apostolica
1178 505 1333 581 percepte
1358 495 1572 575 protectionis
1596 495 1679 559 duos
1702 495 1827 559 solidos

151 584 310 645 Lucensis
327 595 460 666 monete
481 585 576 647 nobis
601 586 783 666 nostrisque
805 587 1047 655 successoribus
1071 587 1163 647 annis
1187 585 1320 666 singulis
1344 584 1544 664 persolvetis.
1591 584 1708 665 Siqua
1731 587 1828 666 igitur

151 672 183 733 in
209 672 352 735 futurum
381 674 601 736 ecclesiastica
623 674 817 736 secularisve
840 696 988 755 persona,
1020 674 1104 737 hanc
1129 686 1239 736 nostre
1263 674 1503 735 constitutionis
1535 675 1691 754 paginam
1713 677 1826 750 sciens,

152 772 268 824 contra
293 782 366 824 eam
389 771 512 825 temere
535 764 645 825 venire
668 766 884 844 temptaverit,
909 766 1053 827 secundo
1077 765 1215 826 tertiove
1239 763 1449 837 commonita,
1473 763 1498 824 si
1524 783 1589 824 non
1605 765 1828 828 satisfactione

153 870 300 931 congma
332 853 566 925 emendaverit,
606 855 778 934 potestatis
808 853 1008 935 honorisque
1037 856 1085 916 sui
1119 854 1278 934 dignitate
1316 859 1425 914 careat
1465 872 1619 933 reamque
1651 876 1686 916 se
1718 855 1828 916 divino

153 941 275 1002 iudicio
299 942 440 1003 existere
464 942 505 1003 de
528 953 716 1024 perpetrata
739 943 911 1023 iniquitate
934 953 1121 1023 cognoscat,
1147 954 1178 1004 et
1195 964 1214 1004 a
1229 942 1447 1005 sacratissimo
1464 961 1603 1022 corpore
1619 963 1656 1006 ac
1672 945 1829 1024 sanguine

153 1029 205 1090 dei
240 1040 274 1093 et
306 1031 441 1103 domini,
473 1031 689 1112 redemptoris
720 1033 820 1094 nostri
845 1033 915 1094 Iesu
940 1032 1067 1107 Christi,
1100 1031 1292 1106 alienafiat,
1326 1042 1425 1112 atque
1448 1031 1480 1093 in
1505 1042 1654 1094 extremo
1679 1034 1829 1096 examine

153 1118 300 1182 districte
324 1119 440 1182 ultioni
464 1120 640 1182 subiaceat.
687 1120 819 1183 Cunctis
842 1132 959 1196 autem,
984 1122 1092 1184 eidem
1116 1123 1190 1184 loco
1215 1124 1297 1183 iusta
1319 1121 1531 1195 servantibus,
1555 1122 1597 1183 sit
1620 1144 1687 1203 pax
1704 1123 1828 1184 domini

152 1210 255 1270 nostri
272 1210 344 1272 Iesu
361 1207 490 1284 Christi,
515 1221 675 1290 quatenus
698 1220 732 1272 et
754 1211 807 1272 hie
832 1211 970 1274 fructum
993 1212 1081 1296 bone
1098 1213 1236 1273 aetionis
1252 1211 1435 1291 percipiant
1457 1217 1490 1272 et
1514 1210 1603 1290 apud
1621 1207 1825 1294 districtum}

153 1297 295 1361 iudicem
319 1299 446 1379 premia
469 1306 579 1383 eterne
603 1301 693 1379 pacis
717 1301 891 1363 inveniant.
936 1300 1057 1363 Amen.
1083 1299 1171 1362 Am.
1195 1300 1314 1362 Amen.
1338 1334 1382 1344 —

369 1388 426 1466 (R)
449 1386 522 1468 Ego
546 1389 712 1469 Eugenius
735 1390 893 1476 catholice
917 1391 1052 1475 ecclesie
1076 1391 1250 1470 episeopus
1274 1411 1314 1452 ss.
1339 1390 1401 1468 (M)

369 1478 390 1554 †
412 1477 485 1558 Ego
509 1478 648 1540 Ymarus
671 1478 875 1541 Tusculanus
897 1481 1073 1560 episcopus
1097 1501 1136 1541 ss.
1160 1477 1208 1562 (7)

369 1567 522 1648 -†Eg0
531 1567 601 1630 GG.
610 1567 816 1649 (Gregorius)
825 1579 936 1655 sancte
946 1571 1095 1653 Romane
1105 1570 1239 1653 ecclesie
1248 1568 1410 1651 presbiter
1420 1566 1593 1629 cardinalis
1602 1567 1649 1629 tit.
1660 1567 1778 1629 Calixti
1790 1587 1830 1628 ss.

371 1653 487 1736 †'Ego
512 1656 685 1718 Hubaldus
708 1656 871 1738 presbiter
893 1658 1065 1720 cardinalis
1089 1659 1137 1719 tit.
1161 1669 1273 1721 sancte
1296 1657 1454 1720 Praxedis
1478 1677 1518 1717 ss.

370 1742 390 1822 †
414 1745 486 1825 Ego
511 1746 701 1808 Manlredus
724 1747 885 1827 presbiter
908 1747 1081 1809 cardinalis
1105 1749 1153 1809 tit.
1179 1758 1291 1810 sancte
1314 1747 1434 1810 Savine
1458 1768 1499 1807 ss.
1523 1741 1577 1826 (1)

371 1829 391 1913 †
415 1835 487 1914 Ego
511 1834 610 1896 lulius
633 1835 794 1915 presbiter
817 1836 987 1898 cardinalis
1011 1839 1058 1898 tit.
1082 1839 1184 1898 sancti
1208 1835 1352 1898 Marcelli
1375 1856 1416 1897 ss

371 1919 390 2002 †
415 1924 488 2003 Ego
512 1923 686 1986 Hubaldus
709 1925 871 2005 presbiter
893 1926 1066 1988 cardinalis
1090 1928 1137 1987 tit.
1161 1936 1271 2011 sancte
1295 1925 1407 1988 Crucis
1430 1944 1471 1986 ss

371 2008 391 2091 †
415 2013 488 2093 Ego
512 2013 621 2076 Guido
645 2014 807 2094 presbiter
829 2014 1002 2077 cardinalis
1026 2017 1074 2078 tit.
1098 2016 1239 2077 Pastoris
1262 2037 1303 2076 ss.

371 2097 488 2182 †Ego
512 2102 668 2165 Girardus
691 2103 853 2183 presbiter
882 2105 1054 2166 cardinalis
1085 2106 1132 2166 tit.
1158 2105 1260 2166 saneti
1285 2102 1445 2184 Stephani
1477 2102 1509 2163 in
1535 2099 1626 2162 Celio
1655 2107 1768 2159 monte
1791 2117 1832 2158 ss.

317 2187 395 2251 Dat.
412 2187 532 2271 Signie,
556 2212 616 2272 per
632 2213 763 2254 manum
780 2194 944 2268 BOSONIS‚
969 2205 1080 2278 sancte
1096 2195 1246 2279 Romane
1262 2193 1398 2278 ecclesie
1412 2190 1589 2271 scriptoris.
1627 2201 1666 2249 111
1681 2186 1727 2248 ld.
1745 2186 1832 2247 Maii.

152 2277 340 2427 lnldictione
363 2291 420 2340 XV.
458 2281 693 2344 lneamationis
717 2281 881 2367 dominice
904 2303 991 2344 anno
1016 2294 1123 2345 MCLII.
1161 2283 1373 2345 Pontificatus
1396 2300 1474 2343 vero
1499 2279 1612 2341 domni
1636 2276 1778 2338 EUGenii
1795 2287 1833 2336 111

152 2369 177 2429 P
209 2385 331 2428 ‚anno
357 2380 428 2431 vlll.

320 2482 365 2530 Or.
383 2482 416 2530 im
434 2483 549 2532 Ambivio
567 2484 739 2533 Arrivescovr'lc
756 2501 785 2532 zu
804 2486 884 2535 Simo.

319 2554 389 2618 Perg.
407 2555 466 2613 ital,
485 2556 521 2604 br.
540 2557 627 2614 0,575,
645 2558 706 2621 lang
723 2560 809 2615 qna-5,
829 2564 902 2605 meten
922 2559 1001 2616 0,033
1019 2558 1207 2621 unrgcschlagen,
1228 2554 1304 2602 durch
1323 2554 1380 2602 azoti
1391 2553 1483 2601 Licher
1497 2552 1559 2617 ging
1576 2552 1613 2600 die
1624 2550 1730 2609 Schnur,
1749 2549 1835 2599 wrlche

154 2623 200 2669 mit
216 2623 269 2670 dem
291 2622 372 2690 Sitgrl
385 2628 500 2675 verloren.
537 2626 645 2692 bizltreng
668 2628 711 2676 der
730 2630 825 2676 li'ullm.
862 2629 973 2677 Initiale:
998 2632 1108 2678 versierte
1135 2629 1303 2692 Uirriolform,
1328 2633 1400 2674 unm
1422 2626 1477 2672 und
1499 2625 1557 2672 iiber
1579 2624 1618 2672 dit
1636 2623 1697 2671 Zeia
1715 2622 1833 2670 reichend.

161 2694 322 2761 l'crcwr'gung
339 2697 386 2744 Nr.
406 2700 466 2756 5⁰⁶,
485 2698 658 2762 starkstrichig,
669 2701 739 2761 fiili!
755 2703 838 2755 o,115.
876 2701 969 2765 Scln'ft
986 2701 1025 2749 des
1042 2701 1183 2763 Iibirscripts
1199 2699 1255 2746 selrr
1272 2697 1372 2755 sierlirli,
1392 2698 1428 2745 die
1446 2713 1464 2759 g
1481 2697 1527 2744 mi!
1549 2694 1767 2743 Wickelrcdniirkel
1781 2693 1837 2741 und

156 2765 305 2823 Halsstrich,
334 2766 473 2832 Majuskeln
490 2769 553 2818 nach
575 2770 680 2818 starkcm
702 2771 798 2819 Pirnkte
822 2773 904 2820 betoni.
942 2773 1086 2821 Zeilmwcite
1104 2773 1192 2831 0‚016.
1230 2771 1307 2818 Letzle
1325 2770 1386 2817 Zeile
1402 2766 1526 2816 schliessm
1545 2767 1597 2815 drei
1612 2769 1688 2814 Amen
1707 2765 1754 2813 Nr.
1770 2763 1833 2814 71².

155 2839 218 2884 Rota
238 2836 287 2885 rl'r.
309 2843 330 2899 1,
351 2840 526 2889 Durchmesser
543 2843 629 2900 0,062,
654 2858 701 2890 von
721 2843 764 2890 der
780 2845 860 2891 lernen
880 2843 942 2891 Zeile
960 2845 1047 2902 0907.
1082 2843 1251 2907 illorrogramrrr
1270 2842 1317 2890 Nr.
1337 2847 1375 2899 2⁰,
1400 2838 1506 2888 siemlicli
1524 2838 1668 2902 diinnlim'g,
1686 2837 1745 2885 koch
1764 2838 1833 2895 0,06,

155 2909 216 2955 buit
232 2910 322 2968 0,033,
350 2911 486 2976 Ringkrmz
510 2913 567 2960 und
584 2913 749 2978 Unterschrrfl
768 2914 857 2978 gleiche
881 2915 970 2963 durrkle
988 2916 1063 2963 Divite
1087 2914 1135 2977 (dir
1158 2914 1232 2962 heller
1255 2913 1393 2961 scheinrnde
1419 2912 1493 2959 Dinte
1516 2910 1556 2959 dts
1574 2910 1595 2957 E
1613 2909 1680 2957 wird
1695 2909 1788 2956 damus
1805 2924 1834 2955 zu

155 2980 269 3028 erklri'rm
293 2983 353 3040 sein,
380 2983 437 3031 dass
460 2983 527 3032 nicht
540 2986 669 3049 gerrigmd
681 2986 757 3034 Dinte
773 2987 799 3033 in
818 2986 860 3034 der
878 2986 953 3035 bider
969 3003 1034 3044 anor,
1064 2988 1108 3035 das
1125 2988 1132 3034 l
1151 3001 1198 3033 von
1223 2984 1348 3046 catholice
1367 2985 1397 3031 ist
1420 2984 1518 3041 eberiso),
1553 2981 1602 3029 Die
1620 2980 1695 3028 Dintc
1712 2981 1756 3028 der
1776 2979 1835 3028 Um-

155 3051 244 3116 schn'jt
260 3054 394 3118 enrspn'cm
412 3056 456 3104 der
472 3056 512 3104 des
528 3056 718 3120 Hauptkdrpers.
752 3058 879 3122 Dniimng
901 3073 955 3105 nom
975 3058 1096 3107 Schreiber
1113 3059 1152 3106 des
1170 3059 1290 3115 letamen,
1317 3072 1364 3104 von
1383 3054 1489 3118 Eugenii
1515 3069 1548 3101 rm
1572 3068 1597 3100 so
1620 3051 1781 3100 nuseinander
1794 3066 1835 3115 ge·

156 3125 233 3180 stelit,
259 3127 318 3175 dass
335 3126 368 3174 sie
385 3129 446 3184 0,17
470 3128 606 3187 cirurimmt,
632 3145 674 3176 um
698 3128 734 3176 die
752 3129 813 3176 Zrile
837 3145 866 3176 su
883 3130 976 3190 [tillem
1015 3130 1122 3178 Bosonis
1145 3129 1231 3177 kdnnlc
1255 3127 1430 3191 nnchgctrogen
1447 3126 1510 3183 sein,
1538 3140 1608 3172 wrrm
1626 3123 1689 3171 mach
1708 3123 1775 3170 wohl
1788 3139 1835 3170 von

153 3195 261 3260 gaieta
273 3199 356 3246 Dinle.
393 3199 441 3246 Die
460 3199 639 3265 ngenfirmm
658 3201 702 3248 mit
713 3199 852 3248 Armmhme
869 3201 912 3249 der
929 3209 1004 3249 ersten
1024 3202 1218 3266 oesqvcrfima
1231 3200 1345 3262 (Gregori
1364 3200 1413 3246 allo
1428 3213 1476 3245 von
1490 3195 1596 3260 gleicher
1612 3195 1746 3242 schwaner
1761 3194 1836 3242 Dinle

157 3268 213 3314 und
226 3270 355 3318 thtilwer'se
371 3284 418 3317 von
433 3270 537 3334 gleiclm
554 3271 643 3330 Hand,
670 3272 707 3321 die
726 3289 767 3319 am
793 3272 944 3321 deutlichsien
962 3273 1061 3321 beiden
1079 3275 1159 3321 lemen
1182 3271 1262 3319 beiden
1284 3271 1423 3334 Presdvtern
1448 3268 1594 3316 hervortritt.
1631 3266 1777 3331 Auffallmd
1798 3265 1835 3324 ist,

158 3339 215 3387 dus
247 3341 315 3389 hcine
340 3340 467 3389 Diakonen
501 3343 716 3402 unremichneren,
748 3344 815 3392 wohl
835 3345 891 3392 wal
918 3345 955 3393 die
980 3344 1096 3394 Urkrmde
1124 3344 1265 3409 ausgegaebm
1291 3342 1387 3400 uuerde,
1421 3342 1490 3389 bevor
1513 3339 1545 3387 rie
1571 3339 1640 3388 bem.
1667 3337 1718 3385 ihre
1744 3337 1837 3385 Bevoll·

159 3412 304 3478 mrithtigten
322 3428 377 3460 mm
397 3412 509 3478 Si'gm'rtn
527 3414 621 3464 kamrn.

905 3744 972 3818 ΝΡ.
1005 3746 1090 3819 109.

161 3891 276 3975 Eugen
295 3891 360 3956 [Il
378 3894 496 3956 m'mml
516 3894 578 3956 das
596 3891 726 3957 Kloster
741 3893 832 3958 Sans
851 3893 985 3957 Andrea
1008 3893 1046 3956 di
1068 3893 1223 3954 Montana
1246 3893 1279 3954 in
1301 3888 1532 3975 apostolisclten
1556 3885 1673 3950 Selium
1698 3885 1767 3974 gued
1788 3885 1836 3947 be·

764 3984 878 4065 stdtrgt
892 3985 978 4046 scine
994 3981 1239 4045 Besilallu'imer.

797 4127 884 4188 1152
908 4125 984 4187 Mai
996 4127 1054 4186 22.
1091 4122 1199 4205 Segni.

322 4276 489 4356 Eugenius
512 4278 696 4358 episcopus
720 4297 831 4339 servus
853 4296 1019 4338 servorum
1045 4275 1106 4349 dei,
1131 4274 1256 4336 dilectis
1280 4271 1353 4333 filiis
1376 4269 1493 4342 Azoni,
1518 4269 1630 4331 abbati
1649 4267 1835 4329 monasterii

158 4366 262 4428 sancti
287 4364 432 4449 Andree,
466 4366 555 4447 quod
587 4367 620 4428 in
642 4366 799 4428 suburbio
824 4366 1001 4428 Mantuane
1034 4364 1173 4427 civitatis
1196 4365 1293 4424 situm
1323 4371 1380 4435 est,
1412 4361 1546 4440 eiusque
1580 4357 1738 4431 fratribus
1769 4367 1836 4417 tam

159 4453 369 4535 presentibus
385 4474 484 4535 quam
509 4455 630 4530 suturis,
661 4456 841 4535 regularem
865 4457 965 4517 vitam
990 4454 1153 4534 professis,
1171 4464 1208 4514 1N
1224 4462 1302 4511 PPM.
1319 4485 1362 4494 —
1383 4449 1387 4527 Ι
1409 4448 1571 4528 Quotiens
1595 4446 1673 4508 illud
1697 4466 1715 4507 a
1740 4444 1836 4507 nobis

160 4544 290 4624 petitur,
323 4543 414 4623 quod
444 4543 591 4624 religioni
623 4554 656 4606 et
687 4544 849 4606 honestati
883 4545 1057 4605 convenire
1088 4542 1267 4604 dinoscitur
1286 4543 1330 4614 ³),
1362 4539 1472 4599 animo
1505 4556 1565 4599 nos
1597 4536 1692 4597 decet
1723 4533 1836 4596 libenti

159 4632 345 4694 concedere
375 4641 408 4694 et
439 4635 621 4713 petentium
652 4632 820 4694 desideriis
852 4653 1031 4713 congruum
1059 4632 1215 4711 impertiri
1249 4628 1444 4708 suffragium.
1499 4627 1694 4706 Eapropter,
1727 4623 1836 4684 dilecti

160 4722 192 4782 in
218 4722 356 4783 domino
382 4720 446 4796 filii,
471 4724 585 4784 vestris
609 4723 699 4784 iustis
715 4722 990 4802 postulationibus
1014 4720 1191 4783 clementer
1210 4716 1214 4802 Ι
1236 4719 1407 4780 annuimus
1427 4715 1465 4797 b),
1491 4727 1523 4777 et
1540 4714 1702 4795 prelatum
1726 4732 1837 4773 mona·

159 4811 305 4882 sterium,
338 4811 370 4871 in
395 4830 461 4890 quo
485 4811 596 4873 divino
621 4811 798 4892 mancipati
823 4813 899 4873 estis
924 4811 1093 4891 obsequi0,
1126 4810 1185 4871 sub
1210 4809 1298 4870 beati
1323 4807 1408 4868 Petri
1442 4812 1475 4866 et
1498 4812 1610 4866 nostra
1633 4801 1838 4883 protectione

158 4901 357 4980 suscipimus
395 4909 428 4961 et
459 4901 646 4980 presenti(s)
678 4901 789 4980 scripti
822 4901 992 4980 privilegio
1025 4899 1273 4960 communimus.
1319 4895 1516 4966 statuentes,
1550 4902 1585 4954 ut
1615 4910 1838 4973 quascumque

159 4989 396 5068 possessiones
421 5008 626 5070 quecumque
649 4989 738 5051 bona
761 4989 849 5050 idem
873 4988 1047 5051 cenobium
1072 4989 1105 5049 in
1129 4987 1365 5067 presentiarum
1382 4985 1464 5044 iuste
1481 4994 1513 5044 et
1529 4982 1673 5063 legitime
1690 4978 1839 5060 possidet

157 5088 214 5138 aut
231 5078 264 5138 in
281 5076 425 5138 futurum
442 5081 653 5141 concessione
670 5077 870 5159 pontificum,
896 5078 1068 5159 largitione
1085 5096 1197 5157 regum
1213 5074 1264 5137 vel
1281 5074 1476 5155 principum,
1500 5071 1669 5133 oblatione
1692 5068 1836 5130 fidelium

157 5187 214 5228 seu
239 5166 313 5227 aliis
337 5167 428 5228 iustis
452 5168 559 5230 modis
583 5168 646 5229 deo
671 5168 815 5248 propitio
840 5168 961 5248 poterit
986 5166 1132 5246 adipisci,
1165 5165 1257 5226 firma
1280 5163 1375 5224 vobis
1392 5162 1573 5240 vestrisque
1597 5157 1839 5221 successoribus

158 5266 192 5318 et
215 5255 342 5317 illibata
359 5267 580 5334 permaneant.
618 5257 654 5318 ln
672 5257 790 5337 quibus
806 5255 866 5318 hec
883 5256 1024 5338 propriis
1041 5254 1193 5315 duximus
1215 5251 1432 5333 exprimenda
1448 5249 1633 5311 vocabulis:
1668 5246 1839 5310 ecclesiam

157 5352 272 5407 sancte
290 5344 394 5431 Marie
418 5345 459 5407 de
476 5346 669 5428 Formigosa
692 5365 766 5407 cum
791 5346 942 5409 omnibus
966 5345 1031 5407 suis
1056 5343 1318 5425 possessionibus
1343 5348 1375 5403 et
1392 5349 1508 5421 quarta
1528 5348 1622 5419 parte
1640 5336 1839 5400 decimarum

323 5608 349 5657 a)
368 5593 427 5656 Aus
440 5592 524 5641 Ramr
595 5593 621 5657 b)
641 5608 671 5640 an
690 5593 741 5656 aus
755 5595 844 5642 licitur.

215 5700 235 5729 r.
250 5687 544 5738 Biton-Hormou,
560 5687 616 5728 Acts
629 5688 671 5729 111.
