3982 6194
161 250 219 313 17²

154 432 343 499 vestrorum,
368 424 422 506 qui
446 425 488 487 ad
511 444 620 488 sacros
643 423 774 486 ordines
798 421 915 484 fuerint
937 424 1163 503 promovendi,
1188 432 1221 485 et
1244 430 1352 484 cetera
1374 421 1595 487 ecclesiastica
1610 433 1822 497 sacramenta,

156 513 376 577 adiocesano
408 514 590 596 suscipietis
618 514 785 595 episcopo,
817 511 843 572 si
874 509 1007 590 quidem
1039 510 1217 574 catholicus
1249 511 1343 573 fuerit
1372 521 1406 574 et
1435 512 1572 594 gratiam
1604 522 1706 594 atque
1736 532 1822 575 com·

157 603 344 665 munionem
368 602 548 685 apostolice
570 603 657 665 sedis
680 600 830 663 habuerit
852 608 885 662 et
907 619 947 661 ea
961 600 1060 680 gratis
1082 612 1114 662 et
1136 602 1261 680 absque
1276 600 1386 681 aliqua
1401 602 1561 682 pravitate
1575 601 1673 665 vobis
1687 601 1823 665 voluerit

156 692 319 766 exhibere,
344 692 487 772 alioquin
504 692 599 754 liceat
613 691 717 764 vobis,
740 688 945 764 catholicum,
970 708 1209 771 quemcumque
1229 689 1414 764 malueritis,
1439 690 1528 753 adire
1550 691 1741 766 antistitem,
1769 692 1821 772 qui

156 781 316 855 nimirum,
340 792 451 843 nostra
474 779 571 843 fultus
594 780 795 855 auctoritate,
818 778 907 858 quod
931 777 1121 859 postulatur,
1146 779 1320 860 indulgeat.
1351 777 1438 841 Sane
1454 779 1619 843 novalium
1633 788 1822 854 vestrorum

157 889 221 950 que
249 870 390 951 propriis
420 869 570 932 manibus
593 878 649 931 aut
671 867 855 949 sumptibus
879 866 997 943 colitis,
1028 886 1084 930 seu
1118 867 1159 931 de
1188 868 1392 931 nutrimentis
1421 877 1602 931 vestrorum
1634 868 1822 931 animalium

157 958 261 1020 nullus
291 979 310 1020 a
340 958 435 1020 vobis
466 959 610 1021 decimas
640 966 807 1039 presumat
837 956 976 1037 exigere.
1029 957 1179 1020 Preterea
1209 957 1306 1019 liceat
1335 955 1445 1032 vobis,
1481 957 1632 1034 clericos,
1664 977 1684 1021 e
1713 957 1821 1021 seculo

157 1045 324 1129 fugientes,
348 1047 400 1109 vel
424 1046 533 1122 laicos,
557 1048 677 1109 liberos
701 1056 733 1108 et
749 1044 928 1124 absolutos,
952 1045 1077 1128 absque
1093 1045 1226 1108 alicuius
1242 1046 1501 1109 contradictione
1516 1046 1559 1109 ad
1575 1047 1821 1111 conversionem

156 1137 328 1218 suscipere.
373 1136 574 1199 Libertatem
598 1136 696 1198 etiam
719 1133 815 1196 vobis
838 1135 1057 1209 concedimus,
1088 1144 1123 1196 ut
1146 1133 1244 1197 nichil
1267 1135 1364 1209 aliud,
1389 1155 1487 1215 quam
1512 1136 1592 1199 duas
1623 1136 1725 1199 libras
1752 1157 1821 1199 cere

157 1227 249 1287 annis
286 1225 420 1306 singulis
450 1226 682 1288 Beneventano
720 1222 969 1305 archiepiscopo
1000 1223 1126 1287 solvere
1163 1223 1416 1305 compellamini.
1468 1224 1678 1300 Adicientes,
1718 1235 1754 1288 ut
1782 1226 1820 1289 de

157 1313 269 1376 labore
293 1334 447 1376 manuum
470 1325 648 1377 vestrarum
669 1313 792 1376 victum
815 1332 949 1394 querere
977 1311 1133 1375 debeatis.
1178 1313 1393 1376 Deccmimus
1416 1333 1503 1395 ergo,
1527 1323 1563 1376 ut
1585 1314 1664 1378 nulli
1689 1314 1818 1378 omnino

157 1402 324 1465 hominum
347 1403 451 1478 liceat,
475 1403 618 1485 prefatas
642 1403 794 1465 ecclesias
818 1451 824 1464 .
848 1447 855 1462 .
880 1448 888 1462 .
912 1401 1023 1464 usibus
1045 1401 1222 1483 profutura,
1245 1403 1334 1465 salva
1358 1402 1507 1465 nimirum
1531 1403 1618 1466 sedis
1640 1404 1818 1485 apostolice

157 1493 356 1555 auctoritate.
402 1493 437 1556 Si
462 1512 527 1573 qua
550 1493 645 1575 igitur
670 1540 675 1554 .
701 1541 707 1554 .
732 1540 738 1554 .
762 1491 936 1554 subiaceat.
982 1491 1114 1555 Cunctis
1142 1501 1251 1554 autem
1275 1541 1282 1554 .
1307 1541 1314 1554 .
1339 1540 1345 1554 .
1370 1492 1544 1555 inveniant.
1589 1491 1711 1556 Amen.
1736 1491 1817 1557 Am.

157 1580 275 1643 Amen.
301 1617 344 1626 —

368 1668 426 1751 (R)
449 1670 522 1752 Ego
545 1671 710 1734 Adrianus
733 1669 894 1755 catholice
916 1668 1052 1732 ecclesie
1075 1669 1250 1751 episcopus
1273 1689 1314 1731 ss.
1337 1667 1403 1745 (M)

367 1759 387 1840 ’γ
410 1760 484 1840 Ego
508 1760 617 1824 Guido
640 1759 802 1840 presbiter
824 1758 995 1821 cardinalis
1019 1759 1066 1820 tit.
1089 1759 1192 1821 sancti
1216 1757 1391 1839 Grisogoni
1414 1778 1455 1821 ss.

368 1844 388 1929 †
412 1849 485 1929 Ego
509 1849 680 1912 Hubaldus
705 1847 865 1928 presbiter
887 1847 1059 1910 cardinalis
1079 1848 1127 1910 tit.
1152 1857 1264 1909 sancte
1286 1846 1443 1910 Praxedis
1465 1868 1506 1910 ss

368 1934 388 2019 †
411 1939 484 2018 Ego
508 1938 605 2000 lulius
627 1937 788 2018 presbiter
810 1936 982 2000 cardinalis
1005 1937 1052 1999 tit.
1075 1937 1178 1998 sancti
1203 1936 1347 1998 Marcelli
1371 1957 1411 1999 ss.
1435 1933 1482 2020 (3)

367 2026 388 2104 l
407 2026 479 2107 Ego
492 2026 653 2089 lohannes
665 2036 851 2088 sanctorum
861 2024 1015 2088 Iohannis
1025 2026 1180 2104 etP(auli)
1192 2025 1353 2107 presbiter
1364 2025 1536 2088 cardinalis
1548 2026 1596 2090 tit.
1605 2027 1771 2091 Pamachii
1781 2049 1815 2091 ss.

365 2147 410 2158 —
433 2111 453 2195 i
477 2114 550 2196 Ego
574 2116 650 2178 Odo
675 2115 830 2176 diaconus
854 2114 1025 2177 cardinalis
1048 2115 1151 2177 sancti
1175 2114 1308 2195 Georgii
1332 2116 1373 2176 ad
1397 2115 1515 2178 Velum
1539 2111 1683 2201 aurejsum
1705 2136 1747 2179 ss

367 2203 388 2280 †
411 2202 484 2283 Ego
508 2205 617 2268 Guido
641 2204 798 2266 diaconus
821 2203 993 2265 cardinalis
1016 2213 1128 2266 sancte
1152 2203 1254 2265 Marie
1278 2204 1310 2264 in
1332 2203 1462 2266 Porticu
1484 2224 1526 2267 ss.

366 2292 387 2370 †
410 2292 483 2373 Ego
507 2293 667 2356 lohannes
691 2292 847 2355 diaconus
871 2293 1043 2356 cardinalis
1065 2303 1252 2355 sanctorum
1275 2291 1380 2373 Sergii
1403 2302 1436 2356 et
1458 2292 1560 2356 Bachi
1583 2314 1624 2356 ss.
1647 2288 1695 2378 (4)

313 2382 388 2443 Dat.
405 2381 592 2457 Beneventi,
616 2402 676 2464 per
692 2402 823 2444 manum
838 2382 989 2457 Rolandi‚
1013 2392 1125 2468 sancte
1140 2383 1290 2444 Romane
1313 2381 1448 2468 ecclesie
1464 2382 1634 2464 presbiteri
1652 2383 1818 2446 cardinalis

156 2478 188 2529 et
219 2469 409 2531 cancellarii.
456 2484 543 2533 xvm
566 2472 619 2534 Kl.
645 2470 755 2533 Madii.
808 2471 990 2534 indictione
1016 2488 1076 2533 1111.
1129 2471 1362 2534 lncarnationis
1391 2469 1554 2534 dominice
1585 2492 1674 2536 anno
1705 2484 1819 2536 MCLVL

155 2559 365 2622 Pontificatus
388 2579 465 2621 vero
490 2560 602 2623 domni
626 2560 784 2622 ADRIANI
806 2561 865 2622 PF.
890 2577 940 2621 1111
963 2580 1049 2622 anno
1072 2560 1226 2623 secundo.

317 2673 358 2721 Or.
379 2674 501 2738 (Pergam.
521 2674 548 2722 di
568 2673 643 2720 Curio
660 2674 714 2721 eccl.
735 2673 753 2722 I
755 2684 772 2737 J,
790 2674 824 2720 im
842 2672 955 2721 archivio
973 2673 1000 2721 di
1016 2672 1083 2720 Staio
1100 2689 1130 2720 zu
1149 2673 1245 2737 neapol.

316 2744 383 2809 Perg.
409 2745 469 2804 ital,
493 2746 527 2793 br.
548 2747 635 2805 O,t›'25‚
658 2746 720 2809 lang
736 2748 805 2803 0,t›'2,
831 2752 904 2793 unten
923 2746 1001 2804 0,0·.›⁵
1021 2744 1208 2810 umgesdrlagen,
1236 2745 1313 2793 durch
1332 2748 1348 2795 2
1369 2745 1460 2795 L'o'chtr
1471 2747 1533 2813 ging
1549 2747 1586 2795 die
1605 2746 1712 2804 Schnur,
1739 2745 1821 2795 melche

155 2815 200 2864 mit
216 2817 268 2864 dem
287 2817 342 2866 Bler'
356 2819 471 2866 verlorcn.
509 2817 617 2881 Fallung
633 2816 676 2864 der
693 2818 789 2864 lr‘ullcn.
827 2815 922 2880 Scins!
938 2817 978 2865 des
994 2815 1174 2879 Hauptko'rpers
1191 2817 1330 2866 verblichm.
1368 2818 1504 2883 Ringkrrm
1521 2818 1577 2866 und
1596 2817 1763 2882 L'nterschrifl
1777 2833 1821 2866 von

151 2887 255 2953 gleicher
271 2889 354 2947 Dinte,
376 2888 511 2952 Umschrrfl
519 2887 593 2951 fehlt.
627 2888 753 2952 Darimmg
769 2904 823 2935 vom
842 2887 1138 2952 Irruptkorpersctro'ber,
1163 2888 1186 2937 R
1205 2889 1314 2938 Rolands
1336 2889 1408 2938 dorin
1432 2889 1613 2956 nachgetragen.
1650 2889 1699 2939 Die
1719 2889 1822 2955 Zeugm-

154 2960 240 3020 firmeo
258 2959 349 3013 mihrcn
363 2959 540 3031 grosslrnther'ls
557 2975 604 3014 von
622 2960 664 3014 der
682 2960 817 3012 nomtr'rtm
836 2959 915 3012 [lond
929 2961 984 3012 und
998 2959 1074 3010 Dr'nrc
1090 2959 1140 3012 ker.

894 3294 959 3369 Nr.
994 3298 1078 3369 163.

154 3426 313 3492 Hadrian
329 3427 352 3491 I
359 3426 389 3491 V
397 3426 545 3512 bestiitrgt
558 3428 631 3491 dem
648 3427 801 3507 Bisclrose
813 3425 933 3577 Odor}
939 3448 999 3577 ξων)
1020 3426 1175 3593 [ὗεητοηα
1189 3424 1243 3488 dio
1256 3425 1490 3489 Besitztluirrrer
1503 3423 1571 3488 rond
1585 3424 1705 3489 Rachle
1719 3425 1826 3490 seinrr

933 3537 980 3578 rrc
991 3536 1021 3578 re
1070 3565 1076 3577 .

767 3652 850 3713 1156
865 3649 942 3713 Mai
956 3653 1004 3712 11.
1041 3650 1207 3713 Benevent.

314 3785 478 3847 Adrianus
501 3785 684 3865 episcopus,
718 3805 827 3847 servus
850 3804 1015 3846 servorum
1039 3783 1100 3858 dei,
1132 3784 1308 3846 venerabili
1333 3784 1419 3846 fratri
1444 3783 1581 3858 Oberto‚
1610 3779 1821 3845 Cremonensi

156 3876 314 3956 episcopo
333 3870 371 3956 ¹),
409 3886 508 3954 atque
547 3873 786 3936 successoribus
823 3874 979 3935 canonice
1009 3873 1250 3948 substituendis,
1282 3885 1486 3935 1ΝΡΡΜ.-
1507 3871 1705 3952 Apostolice
1736 3869 1823 3932 sedis

157 3965 331 4025 auctoritas
355 3972 387 4025 et
410 3961 550 4047 fraterne
575 3963 716 4024 caritatis
740 3963 816 4024 unio
840 3982 900 4024 nos
923 3961 1069 4026 hortatur
1092 3973 1126 4025 et
1148 3974 1323 4036 ammonet,
1355 3961 1468 4025 fratres
1492 3969 1621 4023 nostros
1644 3960 1823 4040 episcopos

157 4052 269 4114 debita
300 4053 433 4114 caritate
463 4052 596 4133 diligere
627 4062 659 4114 et
691 4071 802 4113 eorum
835 4051 924 4114 iustis
956 4052 1231 4133 postulationibus
1263 4051 1440 4132 benignum
1477 4048 1614 4131 prebere
1645 4065 1821 4111 assensum.

156 4139 349 4222 Eapropter,
381 4141 575 4203 venerabilis
608 4141 639 4202 in
668 4140 796 4203 Christo
828 4140 940 4215 frater,
971 4141 1095 4204 Oberte
1125 4141 1298 4222 episcope,
1331 4141 1393 4202 tuis
1424 4140 1514 4201 iustis
1544 4134 1821 4220 postulationibus

155 4237 284 4311 gratum
315 4231 536 4312 impertientes
568 4249 743 4306 assensum,
775 4230 817 4291 ad
847 4238 1039 4311 perpetuam
1069 4240 1182 4292 sancte
1210 4229 1437 4293 Cremonensis
1467 4227 1603 4313 ecclesie
1633 4225 1821 4288 firmitatem

156 4319 380 4401 possessiones
409 4329 442 4380 et
472 4319 561 4381 bona
593 4319 716 4393 omnia,
749 4339 813 4399 que
844 4319 877 4381 in
907 4320 1142 4399 presentiarum
1172 4318 1289 4380 eadem
1319 4318 1456 4404 ecclesia
1486 4318 1569 4378 iuste
1600 4324 1634 4378 et
1663 4313 1822 4377 canonice

157 4409 304 4490 possidet
327 4428 383 4470 seu
416 4408 448 4469 in
479 4406 628 4481 futurum,
659 4407 815 4489 largiente
846 4408 990 4479 domin0,
1021 4407 1256 4469 rationabiliter
1279 4406 1471 4488 acquisierit,
1504 4406 1546 4467 ad
1576 4404 1676 4466 instar
1707 4402 1821 4484 prede·

157 4497 292 4560 cessoris
316 4497 426 4571 nostri,
451 4496 551 4558 felicis
575 4497 730 4559 memorie
753 4516 840 4578 pape
855 4497 955 4559 Lucie
971 4493 1005 4579 ³),
1030 4496 1212 4578 apostolica
1235 4497 1426 4558 auctoritate
1450 4494 1623 4557 firmamus.
1654 4492 1822 4572 Interque

156 4587 267 4649 omnia
283 4586 343 4647 hec
359 4585 500 4666 propriis
515 4587 584 4647 visa
598 4598 672 4648 sunt
689 4585 874 4648 nominibus
897 4586 1127 4666 exprimenda:
1159 4586 1315 4666 quicquid
1338 4585 1460 4647 scilicet
1481 4589 1627 4645 curature
1647 4576 1674 4664 ει)
1698 4579 1820 4644 telonei

157 4685 256 4757 atque
289 4675 414 4756 ripatici
446 4685 478 4736 et
510 4676 662 4755 portatici
695 4675 735 4736 de
767 4673 979 4737 Cremonensi
1004 4675 1134 4737 civitate
1158 4675 1200 4736 ad
1230 4674 1397 4756 publicam
1427 4672 1620 4735 fructionem
1656 4670 1821 4752 pertinuit,

157 4774 225 4827 tam
248 4765 289 4827 de
312 4765 413 4845 ipsius
436 4764 573 4825 civitatis
590 4765 754 4838 comitatu,
780 4783 878 4844 quam
895 4765 936 4826 de
952 4774 1044 4845 parte
1060 4764 1157 4827 curtis
1173 4760 1332 4845 Sexpilas,
1357 4781 1498 4824 necnon
1515 4761 1601 4842 ripas
1617 4767 1651 4822 et
1665 4759 1822 4841 piscarias

157 4853 390 4935 aVulpariolo
415 4872 516 4933 usque
540 4853 572 4913 in
596 4862 694 4933 caput
716 4850 815 4915 Adue
839 4872 911 4914 cum
936 4853 1130 4916 molendinis
1153 4864 1186 4914 et
1217 4873 1291 4915 cum
1321 4852 1570 4930 uniuscuiusque
1600 4849 1692 4911 navis
1723 4846 1821 4911 solito

158 4962 264 5015 censu,
296 4943 380 5004 sicut
410 4942 594 5004 continetur
621 4943 653 5003 in
677 4950 836 5023 precepto
859 4949 891 5004 et
915 4942 948 5003 in
972 4943 1100 5004 noticiis
1123 4943 1195 5016 tuis,
1228 4963 1284 5004 seu
1318 4960 1391 5003 cum
1420 4938 1641 5021 persolutione
1673 4937 1821 5000 omnium

157 5033 295 5105 navium,
312 5052 410 5094 causa
426 5032 589 5093 mercandi
607 5029 804 5094 Cremonam
820 5030 1017 5105 adeuntium,
1035 5041 1101 5093 tam
1117 5031 1349 5093 Veneticorum
1367 5048 1465 5110 quam
1482 5037 1663 5090 ceterorum
1679 5027 1822 5099 navium,

157 5132 286 5185 etcum
310 5132 457 5184 curatura
481 5122 626 5182 omnium
656 5121 872 5203 negotiorum,
896 5140 959 5200 que
983 5119 1064 5182 fiunt
1087 5121 1119 5182 in
1143 5120 1290 5201 predicta
1313 5120 1392 5201 ripa,
1422 5118 1658 5180 districtionem
1681 5115 1824 5180 civitatis

158 5211 240 5273 infra
263 5221 296 5272 et
319 5220 411 5272 extra
435 5228 494 5290 per
517 5221 540 5267 v
562 5210 772 5272 miliariorum
802 5210 917 5290 spatia,
949 5208 1048 5271 altare
1078 5209 1180 5271 sancti
1204 5209 1336 5283 Ymerii,
1368 5207 1559 5270 canonicam
1588 5215 1621 5268 et
1651 5207 1694 5269 de
1722 5205 1823 5280 terris,

158 5319 239 5380 quas
269 5299 416 5362 canonici
439 5298 525 5361 soliti
556 5308 630 5361 sunt
661 5298 825 5379 suscipere
855 5297 896 5360 de
925 5317 1023 5360 manu
1053 5298 1199 5379 episcopi
1231 5318 1290 5379 per
1319 5296 1518 5370 benefitium,
1549 5313 1661 5374 equos,
1692 5305 1823 5369 tractus,

157 5432 293 5440 *—

315 5496 341 5556 a)
358 5493 452 5542 Lucim
471 5492 512 5541 ΙΙ.·
529 5497 649 5540 curatura.
670 5528 688 5533 ..
702 5528 720 5533 ..
740 5492 776 5555 .1)
801 5490 877 5555 Vergl.
898 5488 978 5556 Just,
997 5493 1054 5555 Reg.
1075 5491 1144 5539 6934
1161 5492 1206 5541 mit
1224 5491 1280 5541 Mai
1291 5493 1339 5550 10,·
1356 5490 1491 5553 Repertorio
1509 5489 1605 5553 diplom.
1629 5490 1731 5540 Cremon
1752 5498 1779 5555 p.
1793 5491 1823 5538 41

155 5563 202 5614 Nr.
222 5565 280 5615 336.
352 5578 379 5624 ι)
404 5565 481 5630 Vergl.
499 5563 558 5613 iiber
575 5562 618 5610 ilm
636 5561 831 5621 Samrlemmtr'w,
851 5562 927 5612 Sm'es
943 5563 1102 5627 epicoporum
1125 5563 1316 5613 Cremonensium
1331 5568 1357 5626 p.
1370 5563 1406 5611 80
1416 5578 1451 5627 sq.
1524 5560 1552 5629 3)
1574 5559 1654 5630 Jaffr',
1672 5564 1734 5629 ch.
1747 5562 1821 5612 6036.

155 5637 246 5688 Aelterc
267 5636 516 5705 Giitcrbcstdtr'gungm
534 5635 560 5685 r'n
578 5633 772 5695 Sanclemmtr’ro,
793 5634 869 5686 Sem‘es
885 5635 1042 5701 epsicoporum
1065 5635 1256 5685 Cremonensium
1270 5642 1297 5700 p.
1315 5635 1367 5686 242
1383 5650 1409 5684 u.
1427 5636 1457 5685 A.
