3974 6188
163 278 207 349 74

163 448 235 498 uxori
249 464 291 497 sue
299 412 445 513 seminique
462 449 492 497 ab
509 447 653 515 Hermqu
671 450 768 499 Aeetine
791 449 900 514 episcopo,
919 456 942 498 et
963 449 994 497 ab
1009 448 1125 508 emm'brm
1143 448 1187 513 qui
1194 449 1304 513 ficemur
1319 463 1361 497 me
1378 447 1465 512 partili,
1483 453 1533 496 tam
1552 448 1687 498 castellanis
1703 445 1733 494 de
1750 444 1840 494 sirco

163 537 237 585 quam
254 520 316 579 allis,
341 519 452 579 eliserat,
476 535 500 568 se
516 527 539 568 et
557 528 651 585 partem
674 539 745 570 mom
762 521 797 570 ila
818 529 903 580 tenere,
921 520 992 569 sicuti
1007 520 1034 568 in
1051 521 1155 585 quodam
1173 521 1240 569 brevi
1256 520 1395 568 ceruinetur.
1434 518 1507 578 Quod
1521 519 1544 568 si
1559 536 1607 568 non
1616 520 1703 585 saciet,
1724 516 1841 581 promiu't

162 593 264 656 episeopo
284 591 390 656 predicto
407 591 501 656 eiusque
527 594 697 642 successoribus
721 609 751 641 ae
768 593 832 643 beato
854 593 952 640 Dormio
976 593 1070 641 nemim
1095 592 1166 641 etiam
1183 592 1297 658 filiorem
1323 607 1422 640 nomem
1446 597 1469 640 et
1484 592 1565 654 patrr's
1588 592 1629 640 sui
1650 589 1795 648 Rolandini,
1814 603 1839 637 se

161 664 298 782 “mmmm
316 672 415 783 ίῗῧηι·
423 664 611 799 (quinquaginta
637 665 755 715 librarum
781 664 881 731 argenti.
917 666 1005 712 Actum
1023 664 1049 712 in
1073 664 1185 712 comitatu
1202 665 1299 713 Aeetine
1321 663 1347 711 in
1370 665 1464 712 castello
1490 662 1602 714 Civitelle.
1648 662 1733 712 Mem
1755 660 1837 710 Iunio.

177 751 186 782 e
212 734 294 783 ictione
379 771 386 784 .
435 739 520 801 1116).

915 964 981 1038 Nr.
1013 968 1075 1038 71.

161 1092 275 1175 Eugen
291 1093 356 1158 llI
373 1093 501 1180 befielelt
527 1094 600 1159 dem
623 1096 723 1159 Prior
749 1117 810 1160 ven
833 1095 980 1160 St.-Pons
1009 1095 1050 1160 de
1071 1095 1156 1159 Nice
1184 1114 1258 1158 eum
1283 1091 1463 1157 Gehorsam
1485 1113 1590 1174 gegen
1612 1090 1674 1155 den
1696 1089 1846 1171 Biscleef

720 1206 781 1248 ven
805 1184 912 1250 Nirea
933 1184 1213 1250 eureickzukeleren
1231 1187 1269 1265 ι).

667 1320 881 1383 1145-1146
904 1319 1087 1383 November
1109 1321 1140 1383 8.
1192 1315 1330 1381 Viterbo.

320 1450 487 1532 Eugenius
510 1452 695 1536 episcopus,
727 1476 837 1519 servus
860 1476 1027 1518 servorum
1051 1455 1113 1531 dei,
1147 1455 1272 1517 dilectis
1296 1451 1369 1515 filiis
1392 1451 1438 1525 Β.,
1462 1450 1561 1532 priori
1589 1449 1693 1513 sancti
1717 1450 1837 1525 Pontii,

163 1538 464 1619 eiusquesratribus
483 1542 671 1606 salutemet
694 1545 912 1626 apostolicam
935 1544 1210 1607 benedictionem.
1257 1537 1405 1622 Qualiter
1427 1539 1527 1602 frater
1549 1550 1661 1602 noster
1681 1537 1837 1621 P(etrus),

161 1627 323 1691 Niciensis
347 1630 531 1712 episcopus,
565 1652 626 1714 pro
649 1634 873 1716 recuperanda
896 1635 1022 1697 iusticia
1045 1654 1103 1696 sua
1126 1634 1157 1695 in
1180 1631 1352 1695 ecclesiam
1375 1640 1515 1692 vestram
1539 1648 1717 1710 personam
1744 1648 1837 1691 suam

163 1718 289 1798 magnis
310 1715 478 1781 laboribus
501 1723 698 1802 exposuerit,
728 1723 787 1787 tibi
819 1744 885 1786 non
913 1722 1074 1786 credimus
1104 1743 1176 1784 esse
1206 1721 1418 1801 incognitum.
1463 1717 1608 1798 Ideoque
1640 1718 1739 1780 nobis
1770 1719 1836 1799 epi·

161 1807 271 1887 scopis
295 1809 451 1889 precipue
475 1810 625 1887 interest,
664 1832 755 1875 suam
793 1813 966 1894 unicuique
1003 1812 1162 1875 iusticiam
1203 1829 1403 1874 conservare.
1458 1806 1673 1871 Considerata
1710 1807 1838 1869 iusticia

162 1895 308 1958 eiusdem
343 1896 449 1960 fratris
484 1900 586 1962 nostri
625 1911 658 1963 et
695 1902 868 1983 diligenter
905 1903 1054 1984 cognita,
1100 1901 1233 1963 fratrum
1267 1909 1453 1961 nostrorum
1496 1906 1722 1959 commutuato
1761 1917 1836 1959 con-

161 1985 242 2059 sili0,
273 1987 515 2066 possessionem
546 1989 691 2052 eiusdem
725 1992 930 2066 monasterii,
965 1992 1048 2054 sicut
1072 1990 1183 2065 iuerat,
1214 1999 1389 2069 antequam
1421 1986 1519 2049 frater
1548 1996 1661 2048 noster
1688 1983 1835 2048 Ebredu·

161 2075 313 2137 nenensis
331 2077 361 2153 ει)
385 2077 651 2160 archiepiscopus
674 2080 829 2143 abbatem
854 2081 886 2142 in
911 2080 1029 2143 eodem
1053 2079 1251 2142 monasterio
1284 2077 1503 2151 benediceret,
1532 2073 1596 2137 sibi
1628 2075 1835 2138 restituimus

161 2161 271 2245 Ipsum
294 2185 372 2227 vero
397 2166 561 2243 abbatem,
595 2170 752 2249 quoniam
776 2180 891 2233 contra
920 2170 1007 2233 sedis
1037 2168 1218 2251 apostolice
1241 2166 1412 2249 privilegia
1441 2175 1475 2228 et
1497 2164 1659 2227 Niciensis
1686 2165 1834 2247 episcopi

160 2250 426 2334 prohibitionem,
451 2277 471 2318 a
490 2277 556 2337 quo
573 2278 639 2320 non
656 2258 778 2335 debuit,
803 2259 1069 2324 benedictionem
1085 2258 1236 2339 suscepit,
1261 2257 1351 2318 omni
1368 2254 1501 2317 abbatie
1524 2253 1635 2316 officio
1652 2254 1835 2335 apostolica

160 2342 354 2406 auctoritate
376 2344 647 2427 inrefragabiliter
668 2348 874 2429 privavimus.
904 2349 1050 2429 Ideoque
1071 2367 1130 2429 per
1153 2344 1337 2428 apostolica
1359 2343 1454 2408 vobis
1477 2343 1599 2424 scripta
1620 2343 1834 2425 precipiendo

160 2431 370 2509 mandamus,
402 2445 562 2515 quatenus
593 2446 662 2498 tam
686 2438 718 2499 in
742 2437 894 2519 eligendo
919 2438 1049 2511 abbate,
1083 2456 1182 2517 quam
1210 2436 1242 2497 in
1266 2433 1336 2496 aliis
1359 2432 1587 2496 ecclesiasticls
1616 2433 1774 2514 negociis,
1804 2433 1833 2494 in

161 2521 280 2583 eodem
314 2525 513 2586 monasterio
552 2526 748 2600 statuendis,
786 2527 933 2589 debitam
964 2526 1188 2589 obedientiam
1218 2544 1257 2587 ac
1288 2523 1501 2585 reverentiam
1532 2522 1640 2584 eidem
1675 2522 1833 2604 episcopo

160 2621 281 2685 nostr0,
305 2612 389 2675 sicut
409 2612 567 2676 hactenus
591 2614 720 2691 lecistis,
746 2616 871 2696 absque
894 2616 1155 2679 contradictione
1171 2614 1280 2694 aliqua
1296 2611 1488 2676 exhibeatis.
1502 2646 1545 2656 -
1559 2610 1635 2674 Dat.
1644 2610 1785 2687 viterbi,
1801 2623 1834 2672 vl

159 2699 235 2762 Idus
259 2701 465 2764 Novembris.

317 2815 443 2880 Abselrrist
458 2832 513 2866 vem
536 2819 568 2866 17
591 2817 683 2882 Jahrb.
702 2819 742 2867 des
759 2819 832 2869 Liber
848 2819 929 2884 Niger
940 2827 968 2885 p.
989 2821 1030 2879 76,
1049 2818 1075 2868 in
1095 2815 1248 2867 Privatbesite
1265 2832 1295 2863 zu
1313 2815 1400 2866 Nina.

917 3105 983 3181 Nr.
1014 3109 1077 3180 72.

160 3233 274 3318 Eugen
301 3212 367 3298 sil
388 3231 505 3298 m'mmt
528 3233 583 3297 die
616 3232 737 3298 Kirclee
763 3234 798 3299 S.
824 3235 910 3300 Zeno
934 3258 995 3300 von
1019 3235 1233 3299 Reicleenleall
1257 3234 1315 3315 (D.
1340 3233 1514 3318 Salrburg)
1540 3234 1574 3297 in
1603 3233 1834 3316 apostoliscleen

580 3322 699 3388 Schutz
713 3325 783 3388 und
794 3325 944 3409 bestdte'gt
956 3326 1068 3389 dessen
1088 3325 1190 3389 Gr'e'ter
1208 3324 1277 3387 und
1290 3323 1416 3388 Rechte.

725 3443 809 3505 1146
827 3441 1034 3516 Januarea.
1075 3440 1268 3505 Trastevere.

320 3572 486 3654 Eugenius
502 3573 685 3655 episcopus,
700 3595 811 3638 servus
826 3597 992 3639 servorum
1010 3577 1072 3653 dei,
1089 3577 1216 3639 dilectis
1232 3576 1305 3638 filiis
1317 3576 1473 3652 Lanzoni,
1490 3574 1637 3637 Hallensi
1653 3573 1834 3655 preposito,

161 3665 294 3745 eiusque
319 3662 484 3738 fratribus,
509 3670 577 3724 tarn
604 3666 810 3744 presentibus
835 3686 934 3746 quam
957 3665 1078 3742 luturiS,
1102 3666 1283 3747 regularem
1305 3666 1407 3728 vitam
1430 3664 1586 3746 professis
1609 3674 1648 3726 ΙΝ
1668 3674 1746 3724 ΡΡΜ.
1763 3667 1829 3743 -)

160 3753 323 3834 Quotiens
346 3750 425 3814 illud
442 3749 465 3830 ¹)
491 3797 657 3814 ......
681 3754 856 3817 inveniant.
895 3754 1013 3818 Amen.
1036 3791 1080 3801 —
1096 3755 1407 3817 Ilm-Amen.—

373 3837 429 3920 (R)
452 3841 526 3921 Ego
550 3842 715 3923 Eugenius
739 3843 899 3931 cathqlice
922 3845 1058 3932 ecclesie
1082 3845 1256 3926 episcopus
1280 3866 1320 3907 ss.
1344 3844 1407 3923 (Μ)

372 3931 393 4010 †
416 3930 489 4010 Ego
514 3928 683 3994 Conradus
707 3931 898 3996 Sabinensis
921 3935 1097 4016 episcopus
1119 3955 1160 3996 ss.

373 4053 409 4063 -
438 4015 458 4100 †
482 4020 555 4100 Ego
580 4019 755 4102 Gregorius
778 4021 940 4105 presbiter
962 4023 1135 4087 cardinalis
1158 4023 1206 4085 tit.
1230 4021 1350 4086 Calixti
1374 4042 1415 4084 ss.

372 4104 393 4188 'r
416 4108 489 4189 Ego
514 4107 623 4171 Guido
647 4112 809 4191 presbiter
832 4113 1006 4176 cardinalis
1028 4112 1132 4176 sancti
1157 4111 1329 4193 Crisogoni
1353 4133 1393 4174 ss.

372 4193 393 4277 ’γ
417 4197 489 4278 Ego
514 4198 722 4263 Humbaldus
744 4200 906 4282 presbiter
930 4203 1103 4265 cardinalis
1126 4200 1281 4264 Iohannis
1305 4211 1338 4263 et
1360 4201 1450 4264 Pauli
1474 4221 1515 4262 ss
1539 4195 1592 4282 (4)

372 4282 392 4366 †
416 4284 489 4368 Ego
512 4285 696 4366 lor(danus)
720 4291 882 4371 presbiter
905 4291 1078 4354 cardinalis
1101 4291 1149 4353 tit.
1172 4300 1284 4376 sancte
1308 4287 1456 4376 Susanne
1479 4311 1520 4352 ss.
1544 4286 1594 4371 (1)

372 4410 415 4420 —
431 4372 452 4456 ’γ
468 4376 541 4457 Ego
558 4377 660 4441 Oddo
684 4379 842 4443 diaconus
866 4381 1038 4444 cardinalis
1062 4380 1167 4444 sancti
1184 4379 1316 4461 Georgii
1334 4380 1376 4442 ad
1392 4379 1512 4443 Velum
1530 4376 1560 4456 b)
1577 4395 1713 4439 aureum
1727 4397 1770 4440 ss.
1786 4376 1833 4455 (2)

371 4464 392 4542 †
415 4465 488 4546 Ego
512 4464 688 4548 Gregorius
712 4469 869 4533 diaconus
893 4469 1065 4533 cardinalis
1088 4470 1192 4532 sancti
1215 4469 1337 4551 Angeli
1361 4490 1401 4532 ss.

369 4554 390 4628 †
413 4554 486 4636 Ego
494 4554 653 4619 Astaldus
662 4558 819 4621 diaconus
830 4560 1003 4622 cardinalis
1018 4560 1122 4622 sancti
1130 4558 1296 4621 Eustachii
1313 4560 1404 4622 iuxta
1422 4556 1619 4638 c)templum
1628 4552 1783 4638 Agrippe
1792 4575 1832 4617 ss.

370 4643 391 4721 †
413 4643 486 4724 Ego
510 4645 651 4708 lacintus
675 4647 833 4711 diaconus
857 4649 1030 4711 cardinalis
1052 4658 1165 4710 sancte
1188 4646 1292 4710 Marie
1315 4649 1347 4710 in
1372 4647 1565 4729 Cosmydyn
1589 4666 1630 4708 ss.

370 4728 391 4812 ’γ
414 4733 487 4813 Ego
511 4734 624 4797 Petrus
649 4736 806 4800 diaconus
829 4738 1001 4801 cardinalis
1023 4747 1136 4800 sancte
1160 4738 1263 4800 Marie
1287 4738 1319 4799 in
1342 4738 1406 4800 Via
1430 4737 1496 4798 lata
1517 4757 1559 4799 ss.
1584 4732 1624 4818 (c.
1650 4731 1684 4815 3)

316 4820 393 4882 Dat.
417 4822 671 4901 Transtiberim,
702 4847 762 4908 per
792 4847 924 4889 manum
955 4827 1130 4902 ROBERTI,
1166 4837 1277 4912 sancte
1310 4828 1460 4912 Romane
1492 4825 1628 4911 ecclesie
1660 4821 1832 4906 presbiteri

157 4908 330 4970 cardinalis
346 4921 379 4972 et
395 4912 587 4974 cancellarii.
618 4915 711 4977 vKl.
728 4916 823 4978 Febr.
849 4917 1033 4979 Indictione
1053 4933 1133 4979 v1111.
1165 4917 1401 4979 Incarnationis
1418 4915 1582 4978 dominice
1598 4922 1831 4976 annoMCXLv.

156 4996 369 5061 Pontificatus
392 5021 470 5062 vero
496 5002 608 5065 domni
633 5004 786 5067 EUGENH
810 5027 866 5087 pp.
890 5020 929 5068 111
953 5027 1040 5068 anno
1064 5007 1181 5087 primo.

318 5113 360 5162 Or.
379 5114 412 5162 im
430 5114 583 5180 allgemeinen
602 5118 783 5168 Reidesarelrive
799 5136 829 5168 ru
848 5120 982 5170 Mrinrhen.
1326 5134 1328 5138 ⁴

316 5185 386 5250 Perg.
393 5186 453 5245 irat,
467 5187 501 5236 br.
510 5188 696 5249 0,685-0,59,
705 5193 766 5257 lang
771 5194 840 5252 0‚7'e',
852 5201 926 5241 reaten
933 5192 1322 5257 0,035-0,045umgeschlagen,
1333 5188 1475 5260 durchjrwei
1480 5189 1632 5256 Liciergelrt
1638 5189 1675 5240 die
1682 5188 1833 5256 starkfa'dige

155 5252 289 5303 braunroso
302 5256 484 5318 SeiAensdumr,
503 5274 588 5307 weron
607 5261 652 5310 dos
670 5263 795 5328 Blemegel
808 5264 855 5313 Nr.
876 5266 899 5312 2.
939 5264 1047 5330 Faltung
1069 5263 1114 5311 der
1131 5263 1228 5313 Bullen.
1261 5263 1370 5313 Initr'ale:
1392 5263 1460 5312 stark
1483 5265 1592 5312 vmierte
1614 5261 1769 5327 Uncrizlsorm
1789 5263 1834 5311 me‘t

154 5326 408 5393 ll'ankenamliiufern,
433 5329 590 5396 Verewrgung
600 5333 647 5383 Nr.
661 5334 794 5399 2J1P11x.
814 5332 907 5401 Sein'fl
924 5336 963 5385 des
975 5332 1159 5400 Hauptkirpers
1176 5336 1283 5385 cornert
1299 5336 1358 5384 noch
1376 5336 1444 5392 stark
1461 5352 1495 5384 an
1514 5335 1552 5384 die
1563 5334 1655 5384 Lurius
1667 5330 1703 5383 II.
1741 5332 1832 5385 Zeilem

314 5508 340 5569 e)
360 5507 397 5556 Es
421 5509 507 5558 kinnte
525 5509 549 5559 b.
568 5510 754 5561 Ebredunensis
771 5513 864 5575 steien,
890 5531 942 5563 was
960 5514 1074 5563 Benedici
1091 5513 1123 5562 II
1136 5516 1208 5571 wire,
1234 5511 1379 5577 Erebiseios
1396 5529 1444 5561 vore
1471 5512 1590 5572 Embmn,
1618 5528 1637 5560 e.
1657 5512 1833 5562 1100-1120

155 5573 181 5637 b)
199 5592 246 5625 von
265 5593 296 5626 eo
314 5579 349 5627 bis
366 5595 407 5628 um
426 5581 478 5645 auf
491 5583 575 5629 Rumr
646 5586 670 5648 c)
708 5584 778 5633 iusta.
796 5623 847 5629 -
867 5591 903 5643 ‚tl
923 5586 972 5635 Die
989 5584 1115 5649 Abschrist
1137 5582 1212 5633 dieser
1233 5583 1293 5634 Urk.
1318 5584 1438 5634 verdonke
1455 5585 1493 5633 ich
1510 5584 1595 5634 Herm
1614 5584 1702 5634 Pastor
1718 5584 1833 5634 Mader

153 5646 179 5695 in
197 5648 281 5700 rviam.
355 5653 381 5717 2)
406 5650 483 5717 Vergl.
505 5650 584 5718 γαθέ,
604 5655 660 5719 Reg.
681 5657 759 5717 9201,
778 5655 846 5706 darm
865 5655 952 5724 Magne
972 5658 1040 5709 Patr.
1061 5659 1112 5707 180
1125 5664 1153 5722 p.
1174 5657 1250 5716 10⁹9,
1274 5657 1330 5704 und
1345 5656 1382 5704 die
1403 5656 1462 5710 Urk.
1481 5673 1535 5705 vom
1553 5659 1587 5707 22
1604 5655 1738 5722 September
1755 5657 1830 5707 1146.
