3982 6194
152 255 171 302 2

153 428 186 490 id
212 435 261 490 est
291 425 424 488 fratrum
449 423 585 506 ignitum
610 422 780 500 iudicium,
810 442 895 503 aque
918 419 1039 503 frigide,
1064 430 1097 485 et
1120 432 1237 498 cetera,
1262 422 1288 485 si
1313 425 1490 488 necessitas
1514 422 1618 501 fuerit,
1643 434 1827 491 exerceant.

154 513 279 579 Omnes
302 517 405 578 eciam
430 513 657 576 malefactores
686 513 822 576 ecclesie
852 509 1127 575 anathematizent
1150 523 1192 587 et,
1216 521 1348 594 peracta
1372 516 1562 595 penitencia,
1586 517 1700 581 iterum
1721 517 1830 580 absol·

153 614 245 680 vant,
276 605 539 668 benedictionem
572 623 705 684 quoque
728 604 811 664 inter
835 620 946 679 sacra,
963 601 1132 664 missarum
1165 602 1323 665 solemnia
1347 611 1380 664 et
1411 606 1668 686 predicationem
1696 608 1737 668 ad
1768 627 1829 688 po-

154 694 266 779 pulum
291 693 436 756 similiter
464 693 593 755 faciant.
639 691 675 753 In
699 693 808 773 capite
832 692 935 752 eciam
968 690 1073 752 ieiunii
1097 692 1281 774 penitentes
1303 690 1345 753 ab
1370 692 1506 757 ecclesia
1530 695 1707 777 expellant,
1739 698 1829 759 etin

154 785 205 847 die
228 782 446 847 absolucionis
477 784 593 845 iterum
618 781 843 843 intromittant.
890 776 1077 853 Statuimus,
1109 789 1145 843 ut
1175 781 1206 842 in
1230 781 1283 843 die
1307 781 1489 862 palmarum
1512 783 1563 847 vel
1595 783 1829 866 letan(i)arum‚

154 894 219 936 non
253 894 326 936 cum
358 871 480 934 clericis
513 869 766 952 metropolitane
797 867 950 942 ecclesie,
981 869 1040 931 sed
1064 889 1211 932 seorsum
1244 869 1397 934 monachi
1422 873 1611 955 procedant
1657 871 1693 935 Si
1716 881 1828 936 autem

154 964 340 1044 contigerit,
371 969 407 1023 ut
429 969 485 1023 aut
508 980 606 1043 prece
629 958 847 1042 archiepisopi
870 956 921 1020 vel
946 957 1076 1040 populi,
1108 967 1163 1021 aut
1186 958 1293 1038 aliqua
1317 970 1411 1041 peste
1434 964 1600 1043 ingarente
1623 962 1666 1025 ab
1691 964 1829 1026 ecclesia

153 1072 211 1114 sua
242 1072 314 1114 cum
346 1053 556 1132 processione
580 1051 728 1122 exierint,
761 1047 928 1129 usquead
952 1046 1061 1121 altare,
1095 1067 1161 1128 quo
1185 1050 1311 1111 venturi
1336 1059 1418 1126 sunt,
1449 1053 1611 1114 cantando
1636 1052 1828 1134 procedant,

154 1149 187 1203 et
210 1142 360 1203 dextram
386 1147 513 1220 partem
537 1146 677 1212 teneant,
700 1146 767 1200 tam
784 1138 816 1198 in
832 1136 903 1219 ipsa
922 1135 1060 1198 ecclesia
1084 1137 1347 1219 metropolitana,
1371 1158 1469 1218 quam
1486 1142 1518 1202 in
1535 1141 1650 1203 ceteris
1674 1141 1829 1215 ecclesiis,

154 1250 218 1312 que
241 1228 388 1292 subiecte
419 1236 493 1290 sunt
525 1229 640 1290 eidem.
686 1226 721 1288 ln
754 1226 907 1288 exeundo
931 1234 1040 1288 autem
1073 1234 1189 1289 cantor
1220 1225 1471 1304 monachorum,
1506 1249 1735 1310 quamcunque
1764 1229 1829 1292 sibi

154 1320 320 1402 placuerit,
344 1320 493 1399 primitus
527 1314 740 1400 antiphonam
776 1316 925 1396 incipiat,
960 1323 1060 1394 atque
1092 1317 1134 1377 ad
1169 1324 1282 1378 nutum
1317 1316 1445 1380 abbatis
1480 1327 1514 1380 et
1549 1321 1690 1382 cantoris
1720 1319 1829 1382 clerici

153 1407 326 1491 singantil)
351 1416 384 1468 et
408 1408 585 1489 processio,
609 1406 654 1468 uti
677 1406 837 1487 disposita
869 1403 973 1478 fuerit,
1007 1403 1072 1466 fiat.
1127 1403 1199 1468 Hec
1234 1407 1330 1485 igitur
1365 1408 1482 1482 omnia,
1517 1426 1582 1486 que
1616 1407 1828 1492 huius[modi]

153 1498 353 1560 auctoritatis
386 1496 568 1579 apostolice
599 1504 633 1557 et
662 1502 772 1556 nostre
796 1494 1018 1575 preceptionis
1048 1492 1217 1576 privilegio
1246 1499 1466 1570 continentur,
1499 1497 1615 1578 prefati
1640 1499 1828 1561 monasterii

155 1586 335 1649 rectoribus
358 1595 392 1648 et
415 1584 486 1647 filiis
519 1583 726 1666 presentibus
755 1591 789 1645 et
818 1583 932 1644 futuris
955 1582 1016 1644 sub
1040 1582 1095 1645 tali
1120 1581 1327 1647 anathemate
1349 1595 1477 1648 servata
1510 1588 1747 1649 constituimus.
1795 1587 1830 1650 Si

155 1678 228 1757 quis
251 1684 359 1738 autem
385 1694 507 1755 regum,
531 1675 719 1747 antistitum,
745 1672 886 1735 iudicum
903 1671 954 1734 vel
978 1692 1259 1753 quarumcumque
1281 1673 1474 1738 secularium
1499 1695 1710 1757 personarum
1734 1675 1831 1739 huius

155 1764 337 1849 apostolice
360 1763 560 1826 auctoritatis
582 1762 714 1825 decreta
737 1760 915 1834 violaverit,
937 1760 988 1823 vel
1010 1761 1126 1823 fratres
1150 1763 1386 1841 inquietaverit,
1408 1762 1533 1828 honore
1548 1785 1608 1827 suo
1632 1768 1663 1828 in
1688 1766 1831 1848 presenti

154 1853 264 1917 seculo
292 1856 445 1936 privetur,
478 1860 511 1914 et
541 1872 614 1914 cum
647 1853 726 1914 luda
749 1851 906 1913 traditore
930 1851 961 1912 in
993 1852 1086 1932 penis
1110 1853 1277 1933 perpetuis
1300 1854 1505 1936 dampnetur,
1535 1855 1593 1916 nisi
1617 1855 1716 1936 digna
1739 1857 1833 1936 peni·

154 1945 260 2006 tencia
279 1950 309 2018 a)
328 1942 445 2025 prefati
469 1943 570 2004 sancti
588 1940 673 2003 Petri
698 1940 759 2003 sibi
783 1941 1050 2021 repropiciaverit
1073 1939 1284 2003 clemenciam
1301 1951 1335 2004 et
1351 1942 1483 2005 fratrum
1508 1946 1693 2007 communie
1718 1964 1833 2006 recon-

155 2033 310 2095 ciliaverit
333 2030 553 2094 concordiam.
938 2069 941 2076 ·

314 2122 387 2202 Ego
411 2118 588 2202 Gregorius
611 2126 722 2182 sancte
745 2117 894 2181 Romane
916 2118 1004 2180 sedis
1027 2119 1162 2181 antistes
1186 2118 1259 2181 huic
1283 2119 1453 2202 privilegio
1473 2120 1660 2203 subscripsi.

527 2208 682 2271 Naulinus
706 2205 967 2289 Sopannensium
992 2206 1166 2288 episcopus
1190 2208 1392 2291 subscripsit.

528 2297 709 2360 Primenius
733 2296 990 2360 Micerriensium
1015 2297 1192 2379 episcopus
1216 2298 1417 2380 subscripsit

528 2387 726 2451 Marmianus
749 2384 1047 2448 Ravennatensium
1071 2387 1246 2470 episcopus
1269 2387 1473 2469 subscripsit.

528 2476 719 2539 Dominicus
743 2473 1043 2556 Carthaginensium
1069 2475 1243 2557 episcopus
1266 2476 1466 2558 subscripsit.

525 2564 707 2628 Venantius
730 2564 888 2627 Lunensis
911 2565 1088 2647 episcopus
1112 2565 1313 2647 subscripsit.

527 2654 724 2717 Fortunatus
740 2651 1034 2735 Neapolitanorum
1056 2655 1233 2737 episcopus
1256 2654 1455 2736 subscripsit.

527 2743 686 2827 Eulogius
709 2742 910 2806 Alexandrie
933 2742 1108 2823 episcopus
1131 2744 1327 2826 subscripsit.

526 2831 654 2894 Flavius
677 2832 855 2894 Remorum
880 2829 1143 2913 archiepiscopus
1166 2833 1368 2914 subscripsit.

526 2920 687 2984 lohannes
711 2918 979 2984 Siracusanorum
1005 2922 1180 3003 episcopus
1203 2923 1402 3004 subscripsit.

527 3011 701 3075 Melantius
723 3008 1037 3092 Rothomagensium
1062 3009 1328 3094 archiepiscopus
1351 3009 1552 3090 subscripsit.

526 3098 721 3163 Sabinianus
743 3098 998 3162 Tudertinorum
1022 3100 1199 3181 episcopus
1222 3101 1424 3181 subscripsit.

527 3188 740 3253 Constancius
763 3189 1058 3251 Mediolanensium
1083 3190 1258 3274 episcopus
1282 3189 1484 3270 subscripsit.

525 3278 751 3342 Theodericus
775 3298 834 3340 rex
856 3277 1057 3359 subscripsit.

525 3367 749 3431 Brunechildis
773 3367 882 3448 regina
906 3367 1107 3448 subscripsit

313 3457 387 3540 Ego
420 3456 542 3534 Petrus,
573 3459 717 3520 notarius
749 3465 863 3519 sancte
886 3456 1036 3519 Romane
1067 3457 1163 3531 sedis,
1196 3458 1310 3538 scripsi
1342 3466 1375 3520 et
1406 3456 1514 3540 sigillo
1543 3456 1656 3518 domni
1682 3452 1832 3536 Gregorii

154 3568 242 3632 pape
265 3547 410 3631 sigillavi.

312 3661 438 3726 Abschrr'ft
452 3677 506 3710 vom
527 3664 560 3710 14
577 3661 635 3710 oder
652 3663 683 3709 15
706 3660 806 3725 Johrlr,
826 3661 866 3710 des
884 3659 941 3710 MS.
960 3662 1003 3710 lat.
1026 3663 1110 3710 1277?
1123 3661 1175 3725 sol.
1195 3661 1253 3719 109,
1272 3659 1298 3709 in
1316 3660 1359 3708 der
1376 3661 1439 3710 Bibl.
1458 3661 1586 3708 Natr'rnole
1602 3675 1632 3706 au
1653 3659 1732 3708 Pan's.

313 3735 362 3783 Die
378 3733 519 3798 diilsrhung
538 3733 569 3781 ist
591 3732 805 3798 augenscheinlr'ch,
830 3733 862 3780 sr'e
879 3732 955 3796 hdngt
976 3732 1021 3780 mit
1042 3733 1086 3780 der
1104 3731 1264 3791 Martinusl,
1291 3733 1352 3780 Acta
1364 3732 1396 3780 ΙΙ
1408 3731 1456 3779 Nr.
1477 3736 1519 3791 44,
1544 3747 1590 3795 mg
1605 3745 1748 3779 mammen.
1787 3731 1834 3778 Als

157 3806 320 3871 Urbersclrrr'st
335 3809 402 3871 trogi
417 3806 461 3853 der
481 3805 555 3854 Text:
573 3804 733 3869 Privilegium
752 3804 870 3869 Gregorii
889 3819 971 3868 papae
991 3810 1015 3852 et
1033 3803 1212 3855 anechildis
1225 3803 1312 3867 regine
1331 3819 1360 3852 ac
1379 3803 1461 3866 neptis
1480 3803 1533 3851 eius
1551 3802 1712 3852 Theoderici.

923 4087 989 4163 Nr.
1021 4094 1056 4163 2.

161 4301 163 4304 y
187 4242 215 4295 aa
234 4221 397 4305 Gregorl
416 4220 511 4285 tlreilt
533 4221 605 4285 dem
623 4220 886 4303 Frankenkiinige
913 4220 1100 4284 Childerirlr
1125 4221 1193 4299 mit,
1216 4219 1295 4283 dass
1317 4240 1355 4282 er
1376 4217 1437 4281 das
1455 4217 1584 4282 Kloster
1598 4216 1775 4283 St-Pierre
1790 4219 1833 4282 de

271 4312 405 4376 Nantua
427 4311 488 4394 (D.
505 4312 610 4395 Lyon)
624 4310 807 4375 konsekrirt
819 4310 901 4374 ltabe
915 4311 984 4374 und
998 4310 1067 4373 r'lrm
1084 4309 1324 4373 Besitrtlrri'mer
1336 4307 1410 4372 und
1423 4307 1540 4371 Rechte
1555 4307 1716 4391 bestir'tr'ge.

902 4429 1082 4489 590-604.

315 4542 501 4628 Gregorius,
524 4565 635 4608 servus
659 4565 826 4607 servorum
852 4543 913 4618 dei,
938 4541 1134 4618 Childeric0,
1158 4542 1225 4623 regi
1249 4539 1448 4603 Francorum
1469 4541 1501 4620 ¹).
1548 4538 1713 4622 Quoniam
1739 4541 1832 4604 innu·
1856 4600 1866 4615 ,

156 4633 367 4697 merabilibus
402 4636 541 4698 mundus
573 4633 725 4717 procellis
760 4636 904 4714 quatitur
927 4634 1020 4708 adeo,
1055 4640 1091 4694 ut
1123 4634 1253 4714 penitus
1286 4650 1354 4707 nos,
1390 4633 1445 4712 qui
1474 4632 1619 4712 regimen
1648 4632 1832 4695 animarum

155 4725 357 4805 suscepimus
381 4733 414 4787 et
445 4725 499 4804 qui
535 4725 576 4787 ad
613 4732 744 4807 portum
775 4732 928 4785 aeternae
952 4722 1180 4802 tranquilitatis
1207 4718 1288 4783 alios
1312 4720 1476 4783 deducere
1500 4720 1687 4796 debuimus,
1721 4722 1833 4803 potius

156 4814 260 4875 maius
291 4814 465 4876 discrimen
496 4817 656 4895 patimur,
690 4814 749 4875 sed
777 4813 856 4893 quid
888 4811 983 4874 nobis
1015 4812 1194 4893 agendum,
1225 4810 1347 4890 quidve
1375 4810 1648 4873 considerandum
1673 4818 1736 4883 est,
1770 4811 1833 4872 nisi

156 4901 261 4964 divina
285 4903 508 4965 misericordia
539 4902 752 4985 imploranda.
796 4901 915 4964 Infelix
945 4902 1069 4984 quippe
1099 4899 1231 4973 animus,
1263 4899 1487 4980 occupationis
1520 4900 1667 4981 pulsatus
1689 4897 1834 4974 vulnere,

156 4993 283 5073 magnis
316 4994 413 5055 maris
446 4991 597 5055 fluctibus
629 4993 807 5074 percutitur
838 4999 938 5073 atque
966 4990 1206 5053 immanissimis
1230 4987 1379 5069 procellis
1408 4991 1613 5072 tempestatis
1648 4988 1836 5065 includitur,

156 5099 297 5160 cumque
325 5084 515 5162 navigamus
545 5081 682 5163 longius
713 5100 774 5142 nec
805 5088 938 5162 portum
971 5080 1088 5160 quietis
1119 5077 1333 5161 prevalemus.
1380 5075 1477 5139 Unde
1509 5098 1586 5140 vero
1618 5078 1676 5141 has
1706 5078 1835 5141 idcirco

156 5170 347 5245 dixerimus,
381 5172 480 5251 quod,
514 5173 589 5251 quia
613 5190 673 5233 nos
704 5190 724 5231 a
747 5168 843 5232 vobis
876 5169 974 5250 longe
1008 5169 1142 5250 repositi
1175 5170 1219 5229 ita
1254 5168 1398 5246 undique
1433 5169 1648 5247 percutimur,
1685 5166 1837 5249 undique

155 5259 426 5322 amaritudinibus
459 5261 637 5342 replemur,
671 5269 770 5341 atque
801 5257 1035 5321 innumerabile
1064 5268 1167 5338 genus
1198 5254 1376 5329 hominum,
1407 5256 1497 5336 quod
1530 5258 1562 5318 in
1594 5265 1705 5319 nostra
1734 5263 1837 5333 terra,

157 5370 218 5432 pro
243 5350 449 5412 multitudine
472 5351 579 5424 nimia,
603 5350 694 5432 quasi
710 5351 871 5431 spicatum
894 5365 985 5409 more
1007 5348 1128 5427 segetis
1153 5353 1345 5420 surrexerat,
1369 5346 1531 5407 succisum
1551 5345 1579 5423 b)
1602 5347 1702 5420 aruit;
1727 5345 1837 5428 depo·

157 5439 289 5521 pulatae
321 5458 463 5519 namque
494 5439 605 5513 urbes,
637 5458 749 5501 eversa
781 5446 895 5512 castra,
928 5445 1155 5521 concrematae
1177 5440 1203 5515 c)
1235 5434 1408 5510 ecclesiae,
1437 5435 1602 5498 destructa
1633 5435 1839 5500 monasteria

315 5600 341 5657 a)
361 5598 502 5662 penitencie
574 5599 601 5656 bl
620 5613 749 5648 succesum
822 5600 846 5663 c)
866 5603 1063 5646 concremalore.
1077 5633 1102 5638 -.
1142 5598 1179 5661 .1)
1202 5593 1369 5655 Clrr'ldcrr'clrl,
1388 5594 1472 5659 Ko'm'g
1487 5594 1531 5642 der
1542 5592 1663 5655 Frarrken,
1681 5596 1771 5644 456-
1793 5560 1796 5565 ⁴
1817 5598 1842 5657 l,

160 5668 294 5718 Childericlr
308 5670 342 5728 II,
361 5669 445 5735 nanig
461 5670 504 5720 der
521 5670 641 5728 Franktrr,
661 5673 784 5720 coo-6?
785 5673 810 5720 4.
