3982 6194
1770 244 1831 310 119

375 410 397 495 †
419 412 493 495 Ego
517 413 618 478 Oddo
642 415 799 477 diaconus
822 412 994 477 cardinalis
1017 414 1119 476 sancti
1143 413 1275 494 Georgii
1300 413 1341 475 ad
1365 412 1485 476 Velum
1509 434 1641 478 aureum
1664 435 1704 478 ss.

374 504 395 586 'r
417 504 491 584 Ego
508 503 617 566 Guido
642 504 799 567 diaconus
823 503 996 566 cardinalis
1018 513 1130 565 sancte
1154 503 1256 565 Marie
1281 503 1313 565 in
1335 503 1464 565 Porticu
1488 523 1528 565 ss.

373 593 395 673 †
416 593 491 674 Ego
514 593 677 656 Iohannes
701 594 857 655 diaconus
881 592 1053 655 cardinalis
1076 602 1262 654 sanctorum
1286 591 1389 673 Sergii
1414 602 1446 654 et
1469 590 1570 654 Bachi
1593 614 1634 656 ss.

373 681 394 766 †
416 682 490 762 Ego
514 680 678 746 Gerardus
702 682 860 745 diaconus
884 682 1056 744 cardinalis
1078 690 1190 743 sancte
1215 681 1317 743 Marie
1341 682 1374 743 in
1397 681 1460 742 Via
1484 681 1549 744 lata
1571 702 1611 744 ss.

319 771 399 833 Dat.
427 772 534 833 Rome
565 771 653 852 apud
685 782 834 834 sanctum
857 771 996 846 Petrum,
1029 792 1088 852 per
1118 789 1251 831 manum
1273 770 1425 844 Rolandi,
1456 770 1626 851 presbiteri
1658 771 1830 833 cardinalis

108 894 113 933 r
168 868 194 920 et
215 859 411 922 cancellarii.
455 874 517 922 xvl
541 858 593 922 Kl.
617 859 705 923 Iunii.
752 860 934 923 Indictione
956 874 978 922 Ι.
1025 860 1259 922 lncarnationis
1283 860 1446 921 dominice
1470 879 1557 922 anno
1581 871 1701 922 MCL111.
1747 861 1830 922 Pon-

108 952 110 959 '
166 947 299 1010 tilicatus
322 969 403 1011 vero
427 950 539 1011 domni
563 950 702 1030 Eugenii
725 963 763 1012 111
786 969 874 1031 pape
897 969 984 1011 anno
1009 961 1093 1011 vnn.

318 1062 446 1127 Abschn'st
461 1063 501 1111 des
522 1063 587 1111 Cart.
607 1062 635 1110 dr'
651 1062 677 1111 S.
697 1061 801 1112 Michele
818 1079 872 1112 vom
893 1065 933 1113 14.
957 1063 1058 1127 Jahrb„
1072 1064 1122 1127 sol.
1143 1065 1181 1121 ob,
1200 1063 1233 1111 im
1251 1061 1365 1110 Archivr’o
1383 1062 1410 1109 di
1424 1062 1491 1110 Stolo
1507 1078 1536 1110 ru
1557 1061 1622 1112 Pr'sa.

903 1273 969 1349 Nr.
1001 1277 1086 1348 114.

159 1404 273 1489 Eugen
290 1403 359 1468 ΙΙΙ
374 1403 535 1467 urkundet
547 1352 620 1467 dim
635 1402 715 1466 Abte
731 1404 857 1470 Rainer
877 1426 937 1468 von
953 1404 1020 1468 San
1035 1404 1205 1469 Salvatore
1224 1406 1280 1469 del
1292 1405 1506 1468 Montamiata
1528 1405 1587 1486 (D.
1610 1403 1738 1491 Cluicsi)
1754 1407 1833 1470 tiber

157 1494 211 1557 die
233 1493 470 1557 bontraktliclze
492 1493 670 1576 Abtretung
689 1493 750 1557 der
768 1493 883 1575 Hc'ilfte
904 1516 964 1558 von
989 1495 1188 1574 Radicosani
1209 1495 1266 1576 (D.
1294 1494 1424 1567 Clriusr')
1443 1497 1470 1580 ¹)
1494 1516 1536 1557 an
1558 1494 1613 1558 die
1638 1493 1742 1558 Kurie
1765 1495 1834 1558 und

694 1583 807 1647 dessen
816 1585 1035 1668 gegenseitige
1050 1584 1288 1667 Bedingungen.

690 1720 774 1781 1153
789 1716 942 1792 Junz'ao.
973 1717 1007 1781 S.
1025 1718 1120 1781 Peter
1132 1739 1193 1781 von
1210 1717 1301 1781 Rom.

317 1847 485 1931 Eugenius
502 1851 685 1932 episcopus,
709 1872 819 1915 servus
834 1873 999 1916 servorum
1017 1854 1078 1926 dei,
1103 1852 1223 1916 dilecto
1240 1852 1306 1915 filio
1322 1853 1486 1928 Raineri0,
1511 1851 1624 1914 abbati
1642 1853 1829 1915 monasterii

155 1939 258 2000 sancti
282 1938 466 2002 Salvatoris
489 1939 531 2002 de
555 1942 670 2003 Monte
692 1941 838 2017 Amiato,
863 1943 999 2006 salutem
1024 1949 1057 2005 et
1080 1944 1297 2023 apostolicam
1320 1943 1594 2004 benedictionem.
1619 1975 1663 1985 -
1683 1937 1687 2026 Ι
1707 1941 1829 2003 Rerum

154 2037 321 2108 gestarum
354 2029 453 2091 series
484 2029 561 2091 ideo
594 2030 774 2092 litterarum
804 2031 880 2094 fidei
914 2031 1179 2107 commendatur,
1211 2052 1252 2094 ne
1282 2033 1425 2112 ipsarum
1455 2031 1575 2093 veritas
1605 2030 1637 2091 in
1661 2040 1828 2112 posterum

155 2118 315 2179 memorie
345 2118 562 2180 subtrahatur.
614 2117 762 2199 Qualiter
791 2121 904 2201 igitur,
943 2121 1222 2184 consentientibus
1254 2121 1404 2183 fratribus
1439 2121 1502 2182 tuis
1533 2119 1701 2181 monachis
1731 2131 1830 2200 atque

155 2207 323 2268 conversis
356 2216 390 2269 et
418 2208 571 2283 vassallis,
604 2209 768 2271 commissi
798 2211 859 2272 tibi
884 2207 889 2294 1
917 2211 1103 2272 monasterii
1135 2211 1268 2290 propria
1298 2220 1330 2272 et
1360 2219 1544 2290 spontanea
1573 2208 1741 2270 voluntate
1774 2220 1830 2270 tua

154 2295 187 2356 in
210 2296 380 2376 presentia
402 2295 536 2359 fratrum
560 2307 754 2374 nostrorum,
779 2300 1010 2382 episcoporum
1027 2309 1060 2361 et
1076 2299 1296 2373 cardinalium,
1321 2300 1482 2379 integram
1507 2298 1716 2360 medietatem
1733 2299 1828 2360 castri

154 2383 351 2447 Radecofini
372 2382 412 2466 a),
437 2386 533 2449 nobis
556 2387 740 2468 nostrisque
764 2388 932 2451 catholicis
955 2389 1195 2451 successoribus
1219 2398 1252 2450 et
1275 2408 1334 2469 per
1356 2408 1417 2449 nos
1440 2388 1538 2449 beato
1560 2388 1680 2448 Pumo
1703 2397 1828 2473 sancte·

155 2493 217 2553 que
247 2474 402 2536 Romane
433 2475 577 2550 ecclesie,
609 2476 659 2538 cui
691 2475 767 2539 licet
797 2477 946 2553 inmeriti,
976 2479 1133 2559 largiente
1164 2477 1308 2552 domino,
1344 2477 1543 2539 deservimus
1574 2476 1607 2537 in
1632 2486 1827 2556 perpetuum

155 2562 279 2637 locasti,
314 2564 503 2626 concessisti
533 2574 566 2626 et
599 2565 802 2627 instrumenti
831 2566 953 2648 publici
982 2568 1104 2648 pagina
1127 2567 1302 2641 roborasti,
1335 2565 1614 2647 quemadmodum
1645 2565 1677 2625 in
1709 2565 1827 2627 eodem

156 2652 323 2714 autentico
339 2652 554 2715 instrumento
571 2655 762 2730 continetur,
779 2656 938 2737 presentis
953 2656 1065 2736 scripti
1081 2656 1162 2717 serie
1178 2656 1384 2737 precepimus
1400 2655 1557 2717 annotari.
1589 2653 1639 2715 Tu
1656 2653 1827 2734 siquidem,

156 2739 274 2802 dilecte
298 2740 333 2803 in
357 2741 492 2804 domino
516 2741 570 2818 fili,
593 2743 725 2805 Raineri
750 2744 862 2820 abbas,
895 2745 1055 2826 integram
1078 2745 1217 2826 predicti
1242 2745 1337 2807 castri
1361 2743 1572 2806 medietatem
1595 2762 1669 2804 cum
1693 2741 1828 2805 dimidia

155 2829 186 2890 in
209 2830 377 2911 integrum
399 2841 492 2911 parte
514 2832 614 2894 totius
637 2833 735 2894 curtis
758 2834 826 2896 eius
849 2855 923 2896 cum
946 2834 1133 2897 tenimentis
1155 2835 1219 2896 suis
1244 2844 1277 2896 et
1298 2834 1403 2914 burgo
1428 2833 1469 2895 de
1494 2831 1668 2906 Calamala,
1700 2830 1827 2908 bandis,

155 2918 294 2999 placitis,
327 2919 473 2982 districtu
497 2930 530 2983 et
553 2922 643 2983 omni
666 2920 791 2985 honore
814 2922 914 3004 ipsius
937 2924 1042 3000 castri,
1075 2924 1186 2985 omnia
1209 2924 1240 2984 in
1264 2924 1424 3004 integrum
1447 2942 1508 3003 pro
1532 2920 1708 2983 medietate
1732 2921 1829 2984 nobis

157 3009 341 3089 nostrisque
365 3008 532 3072 catholicis
551 3010 792 3074 successoribus
814 3012 929 3075 locasti
952 3023 984 3076 et
1007 3013 1203 3087 concessisti,
1228 3013 1375 3093 exceptis
1396 3011 1537 3092 antiquis
1557 3010 1827 3092 possessionibus,

158 3116 217 3177 que
241 3097 344 3160 etiam
367 3107 516 3178 tempore
539 3100 694 3163 comitum
719 3121 777 3182 per
799 3102 957 3183 speciales
981 3113 1014 3164 et
1043 3102 1195 3183 proprios
1226 3102 1390 3164 ministros
1421 3100 1608 3162 monasterii
1632 3099 1829 3162 tenebantur

158 3193 187 3248 et
215 3184 487 3249 custodiebantur
517 3188 559 3249 ad
590 3208 665 3250 usus
696 3187 847 3264 fratrum,
876 3191 998 3253 ibidem
1030 3190 1251 3264 servientium,
1288 3198 1321 3252 et
1353 3189 1455 3252 feudis
1486 3197 1519 3251 et
1550 3186 1727 3262 libellariis,
1764 3207 1828 3267 que

158 3275 304 3337 similiter
334 3275 464 3361 nomine
503 3284 629 3339 tantum
665 3280 853 3342 monasterii
884 3279 1129 3354 detinebantur,
1171 3288 1333 3342 reservato
1365 3280 1462 3340 etiam
1494 3279 1693 3340 monasterio
1724 3278 1827 3339 sancti

159 3359 335 3427 Salvatoris
359 3365 427 3428 iure
451 3365 670 3442 ecclesiarum,
695 3368 785 3446 quod
801 3369 834 3430 in
858 3369 903 3431 eis
919 3368 1027 3432 habet.
1065 3368 1101 3431 ln
1117 3367 1222 3450 burgo
1238 3387 1369 3449 quoque
1385 3367 1428 3430 de
1445 3365 1611 3428 Calemala
1629 3363 1659 3445 b)
1683 3366 1828 3429 redditus

159 3454 246 3533 panis
270 3461 305 3516 et
326 3453 409 3529 vini,
441 3456 496 3534 qui
529 3455 571 3517 de
595 3456 679 3536 agris
711 3465 744 3519 et
766 3457 867 3520 vineis
889 3457 1041 3533 solvitur,
1072 3457 1245 3540 pensiones
1269 3459 1367 3519 etiam
1392 3457 1590 3519 monasterio
1621 3463 1679 3517 tuo
1703 3457 1828 3538 integre

158 3542 362 3606 reservando
419 3540 545 3606 Omnes
576 3553 686 3608 autem
717 3543 866 3610 homines
896 3548 997 3630 ipsius
1029 3549 1124 3610 castri
1157 3547 1253 3609 nobis
1290 3547 1474 3625 nostrisque
1494 3545 1526 3629 c)
1559 3542 1729 3607 catholicis
1758 3564 1829 3607 suc·

161 3631 343 3695 cessoribus
381 3640 496 3695 contra
533 3653 647 3696 omnes
684 3632 832 3698 homines
870 3636 1058 3699 fidelitatem
1089 3636 1254 3712 iurabunt,
1293 3635 1353 3698 tibi
1389 3653 1522 3715 quoque
1552 3632 1665 3696 abbati
1698 3635 1828 3716 tuisque

160 3719 327 3784 catholicis
350 3720 593 3785 successoribus
616 3721 809 3787 fidelitatem
833 3724 961 3799 sacient,
984 3726 1029 3788 sic
1052 3734 1171 3799 tamen,
1195 3737 1238 3801 ut,
1262 3726 1288 3787 si
1313 3724 1445 3804 quando
1467 3731 1502 3785 tu
1526 3721 1577 3785 vel
1600 3742 1826 3787 successorum

159 3816 286 3873 tuorum
311 3808 451 3890 quilibet
473 3820 583 3894 preter
605 3820 752 3876 tenorem
775 3811 837 3876 hac
860 3815 982 3878 cartula
1004 3812 1275 3896 comprehensum
1293 3821 1435 3876 castrum
1451 3814 1556 3895 ipsum
1579 3810 1674 3875 nobis
1696 3814 1827 3875 nostris·

160 3919 219 3980 que
242 3897 414 3962 catholicis
436 3900 677 3964 successoribus
701 3913 854 3996 sancteve
869 3904 1017 3966 Romane
1041 3903 1178 3967 ecclesie
1200 3903 1327 3967 auferre
1341 3901 1587 3985 temptaveritis,
1609 3901 1661 3965 vel
1685 3909 1825 3966 castrum

158 3988 262 4070 ipsum
296 3988 349 4051 vel
379 3988 560 4070 quamlibet
591 4000 718 4072 partem
750 3993 817 4054 eius
848 3995 999 4073 cuiquam
1032 3995 1064 4056 in
1093 3992 1228 4055 seudum
1259 3992 1312 4055 vel
1342 3991 1491 4071 quolibet
1522 3990 1584 4054 alio
1613 3991 1714 4053 modo
1750 4012 1828 4054 con·

158 4077 325 4154 cesseritis,
356 4086 412 4140 aut
441 4098 633 4142 concessum
662 4082 874 4157 servaveritis,
906 4092 939 4145 et
962 4083 1106 4163 requisiti
1130 4081 1213 4145 inira
1236 4090 1301 4144 tres
1325 4101 1454 4144 menses
1477 4101 1543 4144 non
1568 4080 1826 4158 emendaveritis,

156 4186 174 4228 a
195 4165 358 4230 fidelitate
381 4175 437 4229 tua
459 4167 522 4230 sint
543 4167 639 4231 soluti
663 4178 696 4232 et
719 4178 859 4233 castrum
883 4173 990 4254 ipsum
1014 4174 1047 4234 in
1070 4174 1119 4234 ius
1141 4170 1229 4234 beati
1246 4172 1331 4233 Petri
1353 4178 1386 4233 et
1400 4177 1512 4232 sancte
1526 4170 1675 4232 Romane
1692 4169 1827 4233 ecclesie

156 4254 357 4319 devolvatur.
403 4253 438 4318 Si
460 4277 539 4321 vero
563 4278 622 4320 nos
644 4257 696 4321 vel
720 4280 945 4323 successorum
961 4270 1144 4323 nostrorum
1161 4261 1297 4342 quilibet
1312 4258 1371 4323 tibi
1387 4259 1439 4322 vel
1454 4268 1584 4322 tuorum
1600 4278 1825 4322 successorum

156 4343 250 4407 alicui
274 4345 327 4407 vel
350 4349 550 4410 monasterio
582 4345 708 4410 solvere
738 4350 944 4431 designatum
978 4370 1109 4412 censum
1134 4350 1373 4424 cessaverimus,
1402 4347 1455 4412 vel
1478 4348 1661 4411 custodiam
1685 4357 1825 4411 vestram

155 4454 215 4496 nos
238 4433 292 4496 vel
314 4434 468 4497 custodes
500 4437 600 4498 nostri
624 4437 821 4512 eiecerimus,
855 4447 887 4501 et
917 4438 998 4501 inlra
1028 4447 1159 4520 tempus
1189 4440 1409 4521 subscriptum
1440 4458 1504 4499 non
1535 4436 1826 4514 emendaverimus,

154 4531 232 4584 tunc
255 4543 276 4585 a
297 4522 453 4587 fidelitate
470 4533 581 4588 nostra
605 4534 855 4607 nostrorumque
879 4548 1102 4590 successorum
1127 4527 1301 4590 solvantur.
1346 4525 1404 4589 Ad
1424 4526 1577 4590 indicium
1593 4536 1711 4602 autem,
1735 4528 1825 4607 quod

155 4621 298 4675 castrum
329 4614 436 4694 ipsum
467 4617 654 4677 monasterii
687 4617 789 4678 sancti
819 4614 997 4680 Salvatoris
1034 4618 1108 4679 iuris
1140 4626 1173 4679 et
1205 4617 1414 4700 proprietatis
1447 4636 1579 4697 semper
1610 4616 1743 4691 existat,
1782 4618 1824 4679 ad

154 4701 337 4765 vestinenta
361 4704 596 4766 monachorum
620 4724 680 4767 nos
703 4707 872 4788 nostrique
896 4726 1100 4770 successores
1121 4707 1179 4769 tibi
1195 4709 1324 4786 tuisque
1340 4706 1581 4768 successoribus
1598 4713 1631 4767 et
1647 4704 1825 4781 monachis,

155 4793 211 4873 qui
244 4812 305 4873 pro
337 4799 489 4874 tempore
519 4793 563 4855 ibi
595 4792 723 4869 luerint,
754 4814 814 4857 sex
846 4816 971 4858 marcas
1002 4797 1073 4879 puri
1095 4799 1221 4878 argenti
1250 4797 1341 4858 annis
1365 4795 1499 4878 singulis
1521 4795 1552 4856 in
1576 4814 1688 4857 mense
1712 4795 1825 4857 Madio

155 4900 219 4962 pro
251 4882 407 4962 pensione
440 4881 672 4962 persolvemus.
719 4882 794 4947 Hoc
817 4893 926 4948 autem
950 4887 1072 4948 duxisti
1103 4886 1352 4960 adnectendum,
1384 4893 1419 4947 ut
1443 4891 1585 4947 castrum
1616 4885 1733 4965 ipsum,
1765 4905 1825 4966 per

155 4970 311 5032 custodes
342 4971 497 5051 proprios
527 4981 656 5034 nostros
694 4982 946 5056 nostrorumque
977 4995 1220 5051 successorum,
1262 4976 1437 5056 assumptis
1469 4993 1579 5036 secum
1612 4972 1741 5036 duobus
1772 4973 1825 5037 vel

154 5058 259 5121 tribus
283 5058 485 5134 custodibus,
514 5059 576 5121 tuis
607 5068 804 5143 tuorumque
826 5083 1050 5127 successorum
1075 5084 1206 5145 semper
1227 5071 1385 5139 teneatur,
1417 5083 1476 5145 per
1499 5082 1582 5142 quos
1606 5070 1640 5124 et
1663 5082 1722 5145 per
1745 5062 1825 5125 alios

153 5147 308 5211 homines
326 5147 355 5227 d)
388 5148 487 5230 ipsius
517 5151 612 5212 castri
643 5159 677 5214 et
706 5171 725 5213 a
756 5153 850 5215 nobis
884 5154 1065 5233 nostrisque
1096 5154 1354 5228 successoribus,
1385 5152 1481 5229 sicut,
1514 5151 1603 5231 quod
1636 5153 1714 5215 iuris
1737 5152 1825 5215 beati

154 5238 240 5300 Petri
270 5238 382 5301 existit
415 5241 648 5302 monasterium
680 5241 786 5322 ipsum
815 5263 889 5304 cum
920 5243 1016 5305 bonis
1047 5244 1129 5317 suis,
1166 5263 1185 5304 a
1218 5263 1393 5325 pravorum
1432 5240 1602 5304 hominum
1643 5242 1825 5306 incursibus

153 5327 360 5403 defendatur,
385 5346 446 5390 nec
469 5328 512 5389 ab
535 5327 659 5392 eisdem
683 5328 903 5395 fraudulenter
925 5352 986 5395 nec
1009 5331 1169 5396 malitiose
1192 5332 1408 5414 perturbetur,
1440 5340 1474 5394 et
1494 5331 1602 5415 ipsum
1625 5340 1767 5395 castrum
1791 5331 1824 5394 in

314 5526 340 5587 a)
361 5522 392 5571 In
410 5519 472 5586 stirp.
492 5523 648 5573 Radecolani
719 5525 746 5587 b)
765 5525 826 5589 th
846 5525 975 5576 Calamnla
1047 5530 1072 5593 c)
1091 5542 1137 5577 uos
1155 5529 1208 5592 ems
1219 5530 1303 5576 Rasur
1373 5528 1401 5593 d)
1421 5529 1499 5592 eous
1512 5528 1603 5576 Ir’arur.
1694 5529 1731 5593 ,1)
1750 5525 1825 5576 Radi-

151 5596 240 5661 spani,
259 5594 464 5660 Morrrepulcr'ano,
486 5594 558 5646 Ihov.
577 5595 657 5645 Simu.
