<?xml version="1.0" encoding="UTF-8"?>
<!DOCTYPE html PUBLIC "-//W3C//DTD XHTML 1.0 Transitional//EN"
    "http://www.w3.org/TR/xhtml1/DTD/xhtml1-transitional.dtd">
<html xmlns="http://www.w3.org/1999/xhtml" xml:lang="en" lang="en">
 <head>
  <title>
</title>
<meta http-equiv="Content-Type" content="text/html;charset=utf-8" />
  <meta name='ocr-system' content='tesseract 3.04.00' />
  <meta name='ocr-capabilities' content='ocr_page ocr_carea ocr_par ocr_line ocrx_word'/>
</head>
<body>
  <div class='ocr_page' id='page_1' title='image "actapontificumr00papagoog_0024.png"; bbox 0 0 3982 6194; ppageno 0'>
   <div class='ocr_carea' id='block_1_1' title="bbox 1794 264 1830 328">
    <p class='ocr_par' dir='ltr' id='par_1_1' title="bbox 1794 264 1830 328">
     <span class='ocr_line' id='line_1_1' title="bbox 1794 264 1830 328; baseline 0 0"><span class='ocrx_word' id='word_1_1' title='bbox 1794 264 1830 328; x_wconf 76' lang='lat'>13</span> 
     </span>
    </p>
   </div>
   <div class='ocr_carea' id='block_1_2' title="bbox 152 435 1839 3095">
    <p class='ocr_par' dir='ltr' id='par_1_2' title="bbox 152 435 1839 3095">
     <span class='ocr_line' id='line_1_2' title="bbox 153 435 1832 518; baseline 0.001 -19"><span class='ocrx_word' id='word_1_2' title='bbox 153 435 288 499; x_wconf 86' lang='lat' dir='ltr'>Martini</span> <span class='ocrx_word' id='word_1_3' title='bbox 312 435 553 518; x_wconf 86' lang='lat' dir='ltr'>respondentes</span> <span class='ocrx_word' id='word_1_4' title='bbox 575 436 740 511; x_wconf 87' lang='lat' dir='ltr'>dicebant,</span> <span class='ocrx_word' id='word_1_5' title='bbox 764 436 830 500; x_wconf 91' lang='lat' dir='ltr'>iam</span> <span class='ocrx_word' id='word_1_6' title='bbox 854 437 977 500; x_wconf 88' lang='lat' dir='ltr'>dictam</span> <span class='ocrx_word' id='word_1_7' title='bbox 1000 438 1171 503; x_wconf 86' lang='lat' dir='ltr'>ecclesiam</span> <span class='ocrx_word' id='word_1_8' title='bbox 1195 459 1237 502; x_wconf 93' lang='lat' dir='ltr'>ex</span> <span class='ocrx_word' id='word_1_9' title='bbox 1261 438 1473 502; x_wconf 88' lang='lat' dir='ltr'>concessione</span> <span class='ocrx_word' id='word_1_10' title='bbox 1488 458 1523 501; x_wconf 94' lang='lat' dir='ltr'>se</span> <span class='ocrx_word' id='word_1_11' title='bbox 1539 438 1686 502; x_wconf 89' lang='lat' dir='ltr'>eiusdem</span> <span class='ocrx_word' id='word_1_12' title='bbox 1700 438 1832 503; x_wconf 89' lang='lat' dir='ltr'>Brienni</span> 
     </span>
     <span class='ocr_line' id='line_1_3' title="bbox 153 525 1835 611; baseline 0.002 -24"><span class='ocrx_word' id='word_1_13' title='bbox 153 535 276 601; x_wconf 88' lang='lat' dir='ltr'>tenere,</span> <span class='ocrx_word' id='word_1_14' title='bbox 301 535 335 588; x_wconf 90' lang='lat' dir='ltr'>et</span> <span class='ocrx_word' id='word_1_15' title='bbox 358 526 491 608; x_wconf 86' lang='lat' dir='ltr'>insuper</span> <span class='ocrx_word' id='word_1_16' title='bbox 513 545 556 589; x_wconf 91' lang='lat' dir='ltr'>ex</span> <span class='ocrx_word' id='word_1_17' title='bbox 579 525 714 589; x_wconf 90' lang='lat' dir='ltr'>datione</span> <span class='ocrx_word' id='word_1_18' title='bbox 736 526 967 590; x_wconf 89' lang='lat' dir='ltr'>Namnetensis</span> <span class='ocrx_word' id='word_1_19' title='bbox 990 529 1152 611; x_wconf 89' lang='lat' dir='ltr'>episcopi,</span> <span class='ocrx_word' id='word_1_20' title='bbox 1177 529 1266 591; x_wconf 91' lang='lat' dir='ltr'>cuius</span> <span class='ocrx_word' id='word_1_21' title='bbox 1295 528 1354 590; x_wconf 91' lang='lat' dir='ltr'>iuri</span> <span class='ocrx_word' id='word_1_22' title='bbox 1386 537 1419 591; x_wconf 91' lang='lat' dir='ltr'>et</span> <span class='ocrx_word' id='word_1_23' title='bbox 1441 528 1634 610; x_wconf 83' lang='lat' dir='ltr'>proprietati</span> <span class='ocrx_word' id='word_1_24' title='bbox 1666 528 1835 610; x_wconf 89' lang='lat' dir='ltr'>praedicta</span> 
     </span>
     <span class='ocr_line' id='line_1_4' title="bbox 153 613 1833 700; baseline 0.002 -22"><span class='ocrx_word' id='word_1_25' title='bbox 153 613 296 678; x_wconf 91' lang='lat' dir='ltr'>ecclesia</span> <span class='ocrx_word' id='word_1_26' title='bbox 318 615 504 698; x_wconf 82' lang='lat' dir='ltr'>pertineret,</span> <span class='ocrx_word' id='word_1_27' title='bbox 529 625 563 679; x_wconf 90' lang='lat' dir='ltr'>et</span> <span class='ocrx_word' id='word_1_28' title='bbox 586 616 753 697; x_wconf 90' lang='lat' dir='ltr'>utriusque</span> <span class='ocrx_word' id='word_1_29' title='bbox 784 614 1004 681; x_wconf 88' lang='lat' dir='ltr'>concessionis</span> <span class='ocrx_word' id='word_1_30' title='bbox 1034 619 1157 700; x_wconf 89' lang='lat' dir='ltr'>scripta</span> <span class='ocrx_word' id='word_1_31' title='bbox 1179 617 1409 681; x_wconf 91' lang='lat' dir='ltr'>ostendebant.</span> <span class='ocrx_word' id='word_1_32' title='bbox 1455 618 1516 680; x_wconf 91' lang='lat' dir='ltr'>His</span> <span class='ocrx_word' id='word_1_33' title='bbox 1540 618 1667 694; x_wconf 91' lang='lat' dir='ltr'>auditis,</span> <span class='ocrx_word' id='word_1_34' title='bbox 1700 618 1833 681; x_wconf 90' lang='lat' dir='ltr'>interro-</span> 
     </span>
     <span class='ocr_line' id='line_1_5' title="bbox 152 702 1833 789; baseline 0.002 -22"><span class='ocrx_word' id='word_1_35' title='bbox 152 703 315 786; x_wconf 84' lang='lat' dir='ltr'>gavimus,</span> <span class='ocrx_word' id='word_1_36' title='bbox 346 703 375 768; x_wconf 89' lang='lat' dir='ltr'>si</span> <span class='ocrx_word' id='word_1_37' title='bbox 405 704 478 786; x_wconf 89' lang='lat' dir='ltr'>ipsa</span> <span class='ocrx_word' id='word_1_38' title='bbox 500 704 638 768; x_wconf 89' lang='lat' dir='ltr'>ecelesia</span> <span class='ocrx_word' id='word_1_39' title='bbox 660 704 703 768; x_wconf 92' lang='lat' dir='ltr'>de</span> <span class='ocrx_word' id='word_1_40' title='bbox 726 702 841 789; x_wconf 57' lang='lat' dir='ltr'>quallis</span> <span class='ocrx_word' id='word_1_41' title='bbox 865 716 1048 788; x_wconf 75' lang='lat' dir='ltr'>emerserat,</span> <span class='ocrx_word' id='word_1_42' title='bbox 1081 707 1192 770; x_wconf 87' lang='lat' dir='ltr'>suisset</span> <span class='ocrx_word' id='word_1_43' title='bbox 1222 707 1323 788; x_wconf 90' lang='lat' dir='ltr'>ipsius</span> <span class='ocrx_word' id='word_1_44' title='bbox 1346 707 1478 770; x_wconf 91' lang='lat' dir='ltr'>Brienni</span> <span class='ocrx_word' id='word_1_45' title='bbox 1509 727 1569 789; x_wconf 91' lang='lat' dir='ltr'>per</span> <span class='ocrx_word' id='word_1_46' title='bbox 1597 707 1833 789; x_wconf 88' lang='lat' dir='ltr'>proprietatem</span> 
     </span>
     <span class='ocr_line' id='line_1_6' title="bbox 155 792 1835 879; baseline 0.001 -23"><span class='ocrx_word' id='word_1_47' title='bbox 155 813 198 856; x_wconf 91' lang='lat' dir='ltr'>an</span> <span class='ocrx_word' id='word_1_48' title='bbox 221 813 283 875; x_wconf 89' lang='lat' dir='ltr'>per</span> <span class='ocrx_word' id='word_1_49' title='bbox 306 792 513 858; x_wconf 84' lang='lat' dir='ltr'>beneficium.</span> <span class='ocrx_word' id='word_1_50' title='bbox 556 793 614 857; x_wconf 88' lang='lat' dir='ltr'>Ad</span> <span class='ocrx_word' id='word_1_51' title='bbox 637 795 701 857; x_wconf 92' lang='lat' dir='ltr'>hoc</span> <span class='ocrx_word' id='word_1_52' title='bbox 728 804 866 877; x_wconf 89' lang='lat' dir='ltr'>utraque</span> <span class='ocrx_word' id='word_1_53' title='bbox 889 815 965 877; x_wconf 90' lang='lat' dir='ltr'>pars</span> <span class='ocrx_word' id='word_1_54' title='bbox 988 797 1166 878; x_wconf 90' lang='lat' dir='ltr'>respondit,</span> <span class='ocrx_word' id='word_1_55' title='bbox 1198 796 1289 878; x_wconf 92' lang='lat' dir='ltr'>quod</span> <span class='ocrx_word' id='word_1_56' title='bbox 1312 796 1374 877; x_wconf 91' lang='lat' dir='ltr'>ipsi</span> <span class='ocrx_word' id='word_1_57' title='bbox 1398 795 1540 859; x_wconf 91' lang='lat' dir='ltr'>Brienno</span> <span class='ocrx_word' id='word_1_58' title='bbox 1568 797 1746 878; x_wconf 85' lang='lat' dir='ltr'>pertineret</span> <span class='ocrx_word' id='word_1_59' title='bbox 1775 817 1835 879; x_wconf 91' lang='lat' dir='ltr'>per</span> 
     </span>
     <span class='ocr_line' id='line_1_7' title="bbox 154 881 1834 972; baseline 0.002 -27"><span class='ocrx_word' id='word_1_60' title='bbox 154 881 355 946; x_wconf 84' lang='lat' dir='ltr'>beneficium</span> <span class='ocrx_word' id='word_1_61' title='bbox 378 883 592 947; x_wconf 89' lang='lat' dir='ltr'>Namnetensi</span> <span class='ocrx_word' id='word_1_62' title='bbox 616 882 816 968; x_wconf 90' lang='lat' dir='ltr'>ecclesia(e),</span> <span class='ocrx_word' id='word_1_63' title='bbox 847 894 881 948; x_wconf 90' lang='lat' dir='ltr'>et</span> <span class='ocrx_word' id='word_1_64' title='bbox 904 905 969 948; x_wconf 93' lang='lat' dir='ltr'>non</span> <span class='ocrx_word' id='word_1_65' title='bbox 992 906 1052 967; x_wconf 91' lang='lat' dir='ltr'>per</span> <span class='ocrx_word' id='word_1_66' title='bbox 1081 887 1325 968; x_wconf 86' lang='lat' dir='ltr'>proprietatem.</span> <span class='ocrx_word' id='word_1_67' title='bbox 1370 885 1442 948; x_wconf 92' lang='lat' dir='ltr'>Nos</span> <span class='ocrx_word' id='word_1_68' title='bbox 1473 886 1675 967; x_wconf 86' lang='lat' dir='ltr'>percunctati</span> <span class='ocrx_word' id='word_1_69' title='bbox 1706 886 1732 948; x_wconf 92' lang='lat' dir='ltr'>si</span> <span class='ocrx_word' id='word_1_70' title='bbox 1764 886 1834 972; x_wconf 71' lang='lat' dir='ltr'>ipse</span> 
     </span>
     <span class='ocr_line' id='line_1_8' title="bbox 155 972 1835 1057; baseline 0.001 -21"><span class='ocrx_word' id='word_1_71' title='bbox 155 972 388 1036; x_wconf 89' lang='lat' dir='ltr'>concessiones</span> <span class='ocrx_word' id='word_1_72' title='bbox 418 972 551 1036; x_wconf 84' lang='lat' dir='ltr'>Brienni</span> <span class='ocrx_word' id='word_1_73' title='bbox 582 983 780 1056; x_wconf 90' lang='lat' dir='ltr'>acceperunt</span> <span class='ocrx_word' id='word_1_74' title='bbox 811 974 963 1037; x_wconf 83' lang='lat' dir='ltr'>effectum</span> <span class='ocrx_word' id='word_1_75' title='bbox 993 975 1163 1038; x_wconf 89' lang='lat' dir='ltr'>voluntate</span> <span class='ocrx_word' id='word_1_76' title='bbox 1189 975 1421 1038; x_wconf 89' lang='lat' dir='ltr'>Namnetensis</span> <span class='ocrx_word' id='word_1_77' title='bbox 1451 976 1608 1057; x_wconf 89' lang='lat' dir='ltr'>episcopi,</span> <span class='ocrx_word' id='word_1_78' title='bbox 1642 994 1835 1056; x_wconf 89' lang='lat' dir='ltr'>responsum</span> 
     </span>
     <span class='ocr_line' id='line_1_9' title="bbox 155 1061 1835 1146; baseline 0.001 -21"><span class='ocrx_word' id='word_1_79' title='bbox 155 1061 361 1143; x_wconf 88' lang='lat' dir='ltr'>accepimus:</span> <span class='ocrx_word' id='word_1_80' title='bbox 387 1061 529 1125; x_wconf 90' lang='lat' dir='ltr'>minime.</span> <span class='ocrx_word' id='word_1_81' title='bbox 574 1062 636 1126; x_wconf 91' lang='lat' dir='ltr'>His</span> <span class='ocrx_word' id='word_1_82' title='bbox 660 1063 787 1139; x_wconf 89' lang='lat' dir='ltr'>auditis,</span> <span class='ocrx_word' id='word_1_83' title='bbox 811 1064 916 1127; x_wconf 92' lang='lat' dir='ltr'>visum</span> <span class='ocrx_word' id='word_1_84' title='bbox 940 1073 990 1127; x_wconf 90' lang='lat' dir='ltr'>est</span> <span class='ocrx_word' id='word_1_85' title='bbox 1011 1064 1108 1127; x_wconf 93' lang='lat' dir='ltr'>nobis</span> <span class='ocrx_word' id='word_1_86' title='bbox 1132 1065 1316 1146; x_wconf 85' lang='lat' dir='ltr'>nostrisque</span> <span class='ocrx_word' id='word_1_87' title='bbox 1339 1063 1504 1140; x_wconf 90' lang='lat' dir='ltr'>fidelibus,</span> <span class='ocrx_word' id='word_1_88' title='bbox 1527 1064 1703 1126; x_wconf 90' lang='lat' dir='ltr'>Briennum</span> <span class='ocrx_word' id='word_1_89' title='bbox 1727 1065 1835 1146; x_wconf 93' lang='lat' dir='ltr'>ipsum</span> 
     </span>
     <span class='ocr_line' id='line_1_10' title="bbox 155 1151 1834 1235; baseline 0.001 -21"><span class='ocrx_word' id='word_1_90' title='bbox 155 1161 272 1214; x_wconf 90' lang='lat' dir='ltr'>neutro</span> <span class='ocrx_word' id='word_1_91' title='bbox 296 1151 497 1215; x_wconf 87' lang='lat' dir='ltr'>monasterio</span> <span class='ocrx_word' id='word_1_92' title='bbox 520 1154 767 1216; x_wconf 88' lang='lat' dir='ltr'>concessionem</span> <span class='ocrx_word' id='word_1_93' title='bbox 790 1152 897 1217; x_wconf 85' lang='lat' dir='ltr'>facere</span> <span class='ocrx_word' id='word_1_94' title='bbox 920 1155 1067 1235; x_wconf 92' lang='lat' dir='ltr'>potuisse</span> <span class='ocrx_word' id='word_1_95' title='bbox 1090 1154 1216 1235; x_wconf 89' lang='lat' dir='ltr'>absque</span> <span class='ocrx_word' id='word_1_96' title='bbox 1234 1152 1404 1216; x_wconf 92' lang='lat' dir='ltr'>voluntate</span> <span class='ocrx_word' id='word_1_97' title='bbox 1425 1154 1655 1217; x_wconf 88' lang='lat' dir='ltr'>Namnetensis</span> <span class='ocrx_word' id='word_1_98' title='bbox 1676 1153 1834 1235; x_wconf 89' lang='lat' dir='ltr'>episcopi,</span> 
     </span>
     <span class='ocr_line' id='line_1_11' title="bbox 156 1240 1836 1325; baseline 0.001 -21"><span class='ocrx_word' id='word_1_99' title='bbox 156 1241 248 1304; x_wconf 91' lang='lat' dir='ltr'>cuius</span> <span class='ocrx_word' id='word_1_100' title='bbox 264 1241 325 1303; x_wconf 82' lang='lat' dir='ltr'>iuri</span> <span class='ocrx_word' id='word_1_101' title='bbox 350 1240 422 1322; x_wconf 90' lang='lat' dir='ltr'>ipsa</span> <span class='ocrx_word' id='word_1_102' title='bbox 438 1240 576 1304; x_wconf 89' lang='lat' dir='ltr'>ecclesia</span> <span class='ocrx_word' id='word_1_103' title='bbox 598 1242 794 1323; x_wconf 87' lang='lat' dir='ltr'>pertinebat.</span> <span class='ocrx_word' id='word_1_104' title='bbox 840 1242 913 1306; x_wconf 91' lang='lat' dir='ltr'>Hac</span> <span class='ocrx_word' id='word_1_105' title='bbox 936 1264 1034 1305; x_wconf 90' lang='lat' dir='ltr'>causa</span> <span class='ocrx_word' id='word_1_106' title='bbox 1050 1264 1093 1306; x_wconf 91' lang='lat' dir='ltr'>ex</span> <span class='ocrx_word' id='word_1_107' title='bbox 1108 1253 1201 1325; x_wconf 90' lang='lat' dir='ltr'>parte</span> <span class='ocrx_word' id='word_1_108' title='bbox 1216 1243 1348 1306; x_wconf 91' lang='lat' dir='ltr'>Brienni</span> <span class='ocrx_word' id='word_1_109' title='bbox 1370 1243 1414 1306; x_wconf 88' lang='lat' dir='ltr'>ita</span> <span class='ocrx_word' id='word_1_110' title='bbox 1431 1244 1654 1318; x_wconf 88' lang='lat' dir='ltr'>determinata,</span> <span class='ocrx_word' id='word_1_111' title='bbox 1680 1252 1836 1324; x_wconf 90' lang='lat' dir='ltr'>ceperunt</span> 
     </span>
     <span class='ocr_line' id='line_1_12' title="bbox 156 1329 1837 1414; baseline 0.001 -21"><span class='ocrx_word' id='word_1_112' title='bbox 156 1331 267 1394; x_wconf 90' lang='lat' dir='ltr'>dicere</span> <span class='ocrx_word' id='word_1_113' title='bbox 292 1330 358 1392; x_wconf 89' lang='lat' dir='ltr'>iam</span> <span class='ocrx_word' id='word_1_114' title='bbox 382 1329 460 1393; x_wconf 89' lang='lat' dir='ltr'>dicti</span> <span class='ocrx_word' id='word_1_115' title='bbox 476 1331 695 1407; x_wconf 91' lang='lat' dir='ltr'>Rotonenses,</span> <span class='ocrx_word' id='word_1_116' title='bbox 720 1332 811 1412; x_wconf 93' lang='lat' dir='ltr'>quod</span> <span class='ocrx_word' id='word_1_117' title='bbox 835 1352 878 1394; x_wconf 91' lang='lat' dir='ltr'>ex</span> <span class='ocrx_word' id='word_1_118' title='bbox 901 1333 1113 1395; x_wconf 89' lang='lat' dir='ltr'>concessione</span> <span class='ocrx_word' id='word_1_119' title='bbox 1129 1332 1401 1396; x_wconf 89' lang='lat' dir='ltr'>Namnetensium</span> <span class='ocrx_word' id='word_1_120' title='bbox 1421 1333 1660 1414; x_wconf 91' lang='lat' dir='ltr'>episcoporum,</span> <span class='ocrx_word' id='word_1_121' title='bbox 1684 1331 1837 1395; x_wconf 91' lang='lat' dir='ltr'>videlicet</span> 
     </span>
     <span class='ocr_line' id='line_1_13' title="bbox 156 1418 1836 1501; baseline 0 -18"><span class='ocrx_word' id='word_1_122' title='bbox 156 1418 291 1483; x_wconf 86' lang='lat' dir='ltr'>Airardi</span> <span class='ocrx_word' id='word_1_123' title='bbox 311 1419 335 1498; x_wconf 86' lang='lat'>¹)</span> <span class='ocrx_word' id='word_1_124' title='bbox 358 1429 392 1481; x_wconf 89' lang='lat' dir='ltr'>et</span> <span class='ocrx_word' id='word_1_125' title='bbox 414 1418 559 1501; x_wconf 85' lang='lat' dir='ltr'>Quiriaci</span> <span class='ocrx_word' id='word_1_126' title='bbox 576 1419 610 1500; x_wconf 81' lang='lat'>¹),</span> <span class='ocrx_word' id='word_1_127' title='bbox 641 1421 707 1484; x_wconf 90' lang='lat' dir='ltr'>iam</span> <span class='ocrx_word' id='word_1_128' title='bbox 733 1420 855 1484; x_wconf 90' lang='lat' dir='ltr'>dictam</span> <span class='ocrx_word' id='word_1_129' title='bbox 879 1421 1049 1484; x_wconf 88' lang='lat' dir='ltr'>ecclesiam</span> <span class='ocrx_word' id='word_1_130' title='bbox 1072 1421 1240 1497; x_wconf 89' lang='lat' dir='ltr'>haberent,</span> <span class='ocrx_word' id='word_1_131' title='bbox 1264 1421 1354 1484; x_wconf 89' lang='lat' dir='ltr'>cuius</span> <span class='ocrx_word' id='word_1_132' title='bbox 1378 1422 1605 1496; x_wconf 90' lang='lat' dir='ltr'>concessionis,</span> <span class='ocrx_word' id='word_1_133' title='bbox 1637 1421 1713 1484; x_wconf 94' lang='lat' dir='ltr'>licet</span> <span class='ocrx_word' id='word_1_134' title='bbox 1736 1430 1836 1484; x_wconf 91' lang='lat' dir='ltr'>testes</span> 
     </span>
     <span class='ocr_line' id='line_1_14' title="bbox 156 1508 1835 1592; baseline -0.001 -20"><span class='ocrx_word' id='word_1_135' title='bbox 156 1510 320 1573; x_wconf 88' lang='lat' dir='ltr'>haberent</span> <span class='ocrx_word' id='word_1_136' title='bbox 350 1508 384 1570; x_wconf 90' lang='lat' dir='ltr'>in</span> <span class='ocrx_word' id='word_1_137' title='bbox 415 1518 500 1572; x_wconf 92' lang='lat' dir='ltr'>terra</span> <span class='ocrx_word' id='word_1_138' title='bbox 529 1529 604 1586; x_wconf 91' lang='lat' dir='ltr'>sua,</span> <span class='ocrx_word' id='word_1_139' title='bbox 647 1510 736 1573; x_wconf 87' lang='lat' dir='ltr'>nulla</span> <span class='ocrx_word' id='word_1_140' title='bbox 771 1519 881 1574; x_wconf 90' lang='lat' dir='ltr'>tamen</span> <span class='ocrx_word' id='word_1_141' title='bbox 912 1511 1035 1592; x_wconf 90' lang='lat' dir='ltr'>scripta</span> <span class='ocrx_word' id='word_1_142' title='bbox 1065 1512 1238 1574; x_wconf 86' lang='lat' dir='ltr'>ostendere</span> <span class='ocrx_word' id='word_1_143' title='bbox 1269 1521 1430 1592; x_wconf 85' lang='lat' dir='ltr'>poterant</span> <span class='ocrx_word' id='word_1_144' title='bbox 1484 1511 1617 1573; x_wconf 89' lang='lat' dir='ltr'>Maioris</span> <span class='ocrx_word' id='word_1_145' title='bbox 1647 1510 1835 1573; x_wconf 89' lang='lat' dir='ltr'>monasterii</span> 
     </span>
     <span class='ocr_line' id='line_1_15' title="bbox 157 1596 1835 1684; baseline -0.001 -21"><span class='ocrx_word' id='word_1_146' title='bbox 157 1596 313 1663; x_wconf 90' lang='lat' dir='ltr'>monachi</span> <span class='ocrx_word' id='word_1_147' title='bbox 344 1617 401 1684; x_wconf 71' lang='lat' dir='ltr'>sue</span> <span class='ocrx_word' id='word_1_148' title='bbox 432 1598 654 1662; x_wconf 88' lang='lat' dir='ltr'>concessionis</span> <span class='ocrx_word' id='word_1_149' title='bbox 684 1600 808 1681; x_wconf 90' lang='lat' dir='ltr'>scripta</span> <span class='ocrx_word' id='word_1_150' title='bbox 838 1600 1050 1663; x_wconf 91' lang='lat' dir='ltr'>ostendentes</span> <span class='ocrx_word' id='word_1_151' title='bbox 1082 1600 1281 1676; x_wconf 89' lang='lat' dir='ltr'>asserebant,</span> <span class='ocrx_word' id='word_1_152' title='bbox 1304 1599 1522 1663; x_wconf 91' lang='lat' dir='ltr'>Rodonenses</span> <span class='ocrx_word' id='word_1_153' title='bbox 1552 1600 1733 1662; x_wconf 89' lang='lat' dir='ltr'>monachos</span> <span class='ocrx_word' id='word_1_154' title='bbox 1758 1619 1835 1662; x_wconf 92' lang='lat' dir='ltr'>nun·</span> 
     </span>
     <span class='ocr_line' id='line_1_16' title="bbox 157 1687 1837 1776; baseline 0 -24"><span class='ocrx_word' id='word_1_155' title='bbox 157 1708 259 1771; x_wconf 87' lang='lat' dir='ltr'>quam</span> <span class='ocrx_word' id='word_1_156' title='bbox 284 1688 391 1770; x_wconf 91' lang='lat' dir='ltr'>ipsam</span> <span class='ocrx_word' id='word_1_157' title='bbox 414 1687 586 1751; x_wconf 90' lang='lat' dir='ltr'>ecclesiam</span> <span class='ocrx_word' id='word_1_158' title='bbox 609 1710 629 1751; x_wconf 91' lang='lat' dir='ltr'>a</span> <span class='ocrx_word' id='word_1_159' title='bbox 643 1689 821 1771; x_wconf 88' lang='lat' dir='ltr'>praedictis</span> <span class='ocrx_word' id='word_1_160' title='bbox 848 1690 1014 1771; x_wconf 92' lang='lat' dir='ltr'>episcopis</span> <span class='ocrx_word' id='word_1_161' title='bbox 1037 1700 1232 1753; x_wconf 91' lang='lat' dir='ltr'>consecutos</span> <span class='ocrx_word' id='word_1_162' title='bbox 1257 1689 1363 1752; x_wconf 88' lang='lat' dir='ltr'>luisse.</span> <span class='ocrx_word' id='word_1_163' title='bbox 1411 1689 1560 1770; x_wconf 89' lang='lat' dir='ltr'>Cumque</span> <span class='ocrx_word' id='word_1_164' title='bbox 1583 1688 1645 1776; x_wconf 75' lang='lat' dir='ltr'>hee</span> <span class='ocrx_word' id='word_1_165' title='bbox 1668 1688 1837 1752; x_wconf 86' lang='lat' dir='ltr'>altercatio</span> 
     </span>
     <span class='ocr_line' id='line_1_17' title="bbox 157 1778 1837 1865; baseline 0 -24"><span class='ocrx_word' id='word_1_166' title='bbox 157 1780 243 1842; x_wconf 88' lang='lat' dir='ltr'>inter</span> <span class='ocrx_word' id='word_1_167' title='bbox 265 1787 440 1859; x_wconf 90' lang='lat' dir='ltr'>utramque</span> <span class='ocrx_word' id='word_1_168' title='bbox 461 1786 591 1859; x_wconf 89' lang='lat' dir='ltr'>partem</span> <span class='ocrx_word' id='word_1_169' title='bbox 615 1778 735 1841; x_wconf 92' lang='lat' dir='ltr'>diutius</span> <span class='ocrx_word' id='word_1_170' title='bbox 757 1788 944 1855; x_wconf 89' lang='lat' dir='ltr'>verteretur,</span> <span class='ocrx_word' id='word_1_171' title='bbox 968 1779 1171 1861; x_wconf 90' lang='lat' dir='ltr'>inspeximus</span> <span class='ocrx_word' id='word_1_172' title='bbox 1193 1779 1317 1842; x_wconf 88' lang='lat' dir='ltr'>litteras</span> <span class='ocrx_word' id='word_1_173' title='bbox 1336 1779 1568 1842; x_wconf 90' lang='lat' dir='ltr'>Namnetensis</span> <span class='ocrx_word' id='word_1_174' title='bbox 1591 1778 1749 1860; x_wconf 90' lang='lat' dir='ltr'>episcopi,</span> <span class='ocrx_word' id='word_1_175' title='bbox 1773 1798 1837 1865; x_wconf 71' lang='lat' dir='ltr'>que</span> 
     </span>
     <span class='ocr_line' id='line_1_18' title="bbox 157 1866 1837 1949; baseline -0.001 -18"><span class='ocrx_word' id='word_1_176' title='bbox 157 1869 223 1931; x_wconf 92' lang='lat' dir='ltr'>hoc</span> <span class='ocrx_word' id='word_1_177' title='bbox 246 1867 337 1930; x_wconf 91' lang='lat' dir='ltr'>idem</span> <span class='ocrx_word' id='word_1_178' title='bbox 364 1866 563 1942; x_wconf 90' lang='lat' dir='ltr'>asserebant,</span> <span class='ocrx_word' id='word_1_179' title='bbox 595 1868 686 1949; x_wconf 93' lang='lat' dir='ltr'>quod</span> <span class='ocrx_word' id='word_1_180' title='bbox 710 1868 845 1931; x_wconf 90' lang='lat' dir='ltr'>Maioris</span> <span class='ocrx_word' id='word_1_181' title='bbox 869 1868 1056 1932; x_wconf 86' lang='lat' dir='ltr'>monasterii</span> <span class='ocrx_word' id='word_1_182' title='bbox 1080 1868 1233 1931; x_wconf 90' lang='lat' dir='ltr'>monachi</span> <span class='ocrx_word' id='word_1_183' title='bbox 1266 1867 1450 1931; x_wconf 87' lang='lat' dir='ltr'>firmabant.</span> <span class='ocrx_word' id='word_1_184' title='bbox 1495 1869 1704 1931; x_wconf 90' lang='lat' dir='ltr'>Rotonenses</span> <span class='ocrx_word' id='word_1_185' title='bbox 1727 1877 1837 1930; x_wconf 89' lang='lat' dir='ltr'>tamen</span> 
     </span>
     <span class='ocr_line' id='line_1_19' title="bbox 157 1954 1836 2040; baseline -0.001 -19"><span class='ocrx_word' id='word_1_186' title='bbox 157 1979 179 2020; x_wconf 91' lang='lat' dir='ltr'>a</span> <span class='ocrx_word' id='word_1_187' title='bbox 199 1957 376 2039; x_wconf 88' lang='lat' dir='ltr'>proposita</span> <span class='ocrx_word' id='word_1_188' title='bbox 398 1954 596 2037; x_wconf 84' lang='lat' dir='ltr'>allegatione</span> <span class='ocrx_word' id='word_1_189' title='bbox 618 1956 802 2021; x_wconf 91' lang='lat' dir='ltr'>nullatenus</span> <span class='ocrx_word' id='word_1_190' title='bbox 825 1957 1037 2021; x_wconf 88' lang='lat' dir='ltr'>desistebant.</span> <span class='ocrx_word' id='word_1_191' title='bbox 1082 1958 1127 2022; x_wconf 90' lang='lat' dir='ltr'>Et</span> <span class='ocrx_word' id='word_1_192' title='bbox 1150 1959 1227 2040; x_wconf 89' lang='lat' dir='ltr'>quia</span> <span class='ocrx_word' id='word_1_193' title='bbox 1251 1958 1351 2039; x_wconf 90' lang='lat' dir='ltr'>ipsius</span> <span class='ocrx_word' id='word_1_194' title='bbox 1374 1958 1522 2039; x_wconf 91' lang='lat' dir='ltr'>episcopi</span> <span class='ocrx_word' id='word_1_195' title='bbox 1550 1976 1692 2039; x_wconf 89' lang='lat' dir='ltr'>persona</span> <span class='ocrx_word' id='word_1_196' title='bbox 1716 1955 1836 2032; x_wconf 90' lang='lat' dir='ltr'>deerat,</span> 
     </span>
     <span class='ocr_line' id='line_1_20' title="bbox 159 2043 1837 2133; baseline 0 -24"><span class='ocrx_word' id='word_1_197' title='bbox 159 2066 224 2133; x_wconf 76' lang='lat' dir='ltr'>que</span> <span class='ocrx_word' id='word_1_198' title='bbox 251 2046 317 2109; x_wconf 92' lang='lat' dir='ltr'>hoc</span> <span class='ocrx_word' id='word_1_199' title='bbox 347 2044 490 2128; x_wconf 88' lang='lat' dir='ltr'>probare</span> <span class='ocrx_word' id='word_1_200' title='bbox 521 2045 703 2122; x_wconf 90' lang='lat' dir='ltr'>debuisset,</span> <span class='ocrx_word' id='word_1_201' title='bbox 734 2047 841 2110; x_wconf 91' lang='lat' dir='ltr'>visum</span> <span class='ocrx_word' id='word_1_202' title='bbox 864 2043 941 2132; x_wconf 90' lang='lat' dir='ltr'>es(t)</span> <span class='ocrx_word' id='word_1_203' title='bbox 965 2047 1070 2124; x_wconf 94' lang='lat' dir='ltr'>nobis,</span> <span class='ocrx_word' id='word_1_204' title='bbox 1102 2068 1170 2109; x_wconf 92' lang='lat' dir='ltr'>rem</span> <span class='ocrx_word' id='word_1_205' title='bbox 1193 2066 1326 2110; x_wconf 91' lang='lat' dir='ltr'>omnem</span> <span class='ocrx_word' id='word_1_206' title='bbox 1350 2047 1392 2108; x_wconf 91' lang='lat' dir='ltr'>ad</span> <span class='ocrx_word' id='word_1_207' title='bbox 1423 2047 1523 2128; x_wconf 88' lang='lat' dir='ltr'>ipsius</span> <span class='ocrx_word' id='word_1_208' title='bbox 1554 2046 1701 2128; x_wconf 91' lang='lat' dir='ltr'>episcopi</span> <span class='ocrx_word' id='word_1_209' title='bbox 1734 2066 1837 2109; x_wconf 88' lang='lat' dir='ltr'>recor-</span> 
     </span>
     <span class='ocr_line' id='line_1_21' title="bbox 158 2133 1837 2218; baseline -0.001 -19"><span class='ocrx_word' id='word_1_210' title='bbox 158 2137 332 2199; x_wconf 88' lang='lat' dir='ltr'>dationem</span> <span class='ocrx_word' id='word_1_211' title='bbox 355 2134 474 2209; x_wconf 90' lang='lat' dir='ltr'>reserri,</span> <span class='ocrx_word' id='word_1_212' title='bbox 497 2144 533 2197; x_wconf 90' lang='lat' dir='ltr'>ut</span> <span class='ocrx_word' id='word_1_213' title='bbox 556 2133 708 2211; x_wconf 81' lang='lat' dir='ltr'>firmaret,</span> <span class='ocrx_word' id='word_1_214' title='bbox 732 2156 900 2218; x_wconf 90' lang='lat' dir='ltr'>nunquam</span> <span class='ocrx_word' id='word_1_215' title='bbox 923 2157 958 2199; x_wconf 91' lang='lat' dir='ltr'>se</span> <span class='ocrx_word' id='word_1_216' title='bbox 981 2137 1088 2218; x_wconf 89' lang='lat' dir='ltr'>ipsam</span> <span class='ocrx_word' id='word_1_217' title='bbox 1111 2136 1284 2200; x_wconf 88' lang='lat' dir='ltr'>ecclesiam</span> <span class='ocrx_word' id='word_1_218' title='bbox 1299 2136 1545 2199; x_wconf 91' lang='lat' dir='ltr'>Rotonensibus</span> <span class='ocrx_word' id='word_1_219' title='bbox 1569 2133 1739 2199; x_wconf 90' lang='lat' dir='ltr'>monachis</span> <span class='ocrx_word' id='word_1_220' title='bbox 1762 2155 1837 2199; x_wconf 94' lang='lat' dir='ltr'>con-</span> 
     </span>
     <span class='ocr_line' id='line_1_22' title="bbox 158 2224 1839 2307; baseline -0.001 -18"><span class='ocrx_word' id='word_1_221' title='bbox 158 2226 295 2289; x_wconf 83' lang='lat' dir='ltr'>cessisse</span> <span class='ocrx_word' id='word_1_222' title='bbox 319 2234 396 2287; x_wconf 89' lang='lat' dir='ltr'>ante</span> <span class='ocrx_word' id='word_1_223' title='bbox 420 2243 519 2305; x_wconf 89' lang='lat' dir='ltr'>quam</span> <span class='ocrx_word' id='word_1_224' title='bbox 543 2225 713 2288; x_wconf 91' lang='lat' dir='ltr'>monachis</span> <span class='ocrx_word' id='word_1_225' title='bbox 729 2225 864 2288; x_wconf 87' lang='lat' dir='ltr'>Maioris</span> <span class='ocrx_word' id='word_1_226' title='bbox 888 2226 1075 2289; x_wconf 90' lang='lat' dir='ltr'>monasterii</span> <span class='ocrx_word' id='word_1_227' title='bbox 1098 2226 1287 2289; x_wconf 89' lang='lat' dir='ltr'>tradidisset</span> <span class='ocrx_word' id='word_1_228' title='bbox 1301 2225 1399 2288; x_wconf 88' lang='lat' dir='ltr'>illam.</span> <span class='ocrx_word' id='word_1_229' title='bbox 1438 2226 1482 2288; x_wconf 88' lang='lat' dir='ltr'>Et</span> <span class='ocrx_word' id='word_1_230' title='bbox 1497 2225 1572 2288; x_wconf 91' lang='lat' dir='ltr'>ideo</span> <span class='ocrx_word' id='word_1_231' title='bbox 1588 2224 1653 2287; x_wconf 93' lang='lat' dir='ltr'>hoc</span> <span class='ocrx_word' id='word_1_232' title='bbox 1669 2226 1839 2307; x_wconf 87' lang='lat' dir='ltr'>negotium</span> 
     </span>
     <span class='ocr_line' id='line_1_23' title="bbox 158 2312 1839 2399; baseline -0.001 -21"><span class='ocrx_word' id='word_1_233' title='bbox 158 2316 270 2398; x_wconf 87' lang='lat' dir='ltr'>legato</span> <span class='ocrx_word' id='word_1_234' title='bbox 293 2323 418 2388; x_wconf 90' lang='lat' dir='ltr'>nostro,</span> <span class='ocrx_word' id='word_1_235' title='bbox 448 2312 567 2376; x_wconf 89' lang='lat' dir='ltr'>Pisano</span> <span class='ocrx_word' id='word_1_236' title='bbox 589 2314 742 2378; x_wconf 91' lang='lat' dir='ltr'>videlicet</span> <span class='ocrx_word' id='word_1_237' title='bbox 765 2315 925 2397; x_wconf 92' lang='lat' dir='ltr'>episcopo</span> <span class='ocrx_word' id='word_1_238' title='bbox 942 2312 976 2399; x_wconf 80' lang='lat'>³),</span> <span class='ocrx_word' id='word_1_239' title='bbox 1007 2315 1239 2392; x_wconf 88' lang='lat' dir='ltr'>commisimus,</span> <span class='ocrx_word' id='word_1_240' title='bbox 1264 2315 1319 2397; x_wconf 93' lang='lat' dir='ltr'>qui</span> <span class='ocrx_word' id='word_1_241' title='bbox 1343 2323 1454 2377; x_wconf 89' lang='lat' dir='ltr'>noster</span> <span class='ocrx_word' id='word_1_242' title='bbox 1481 2314 1664 2377; x_wconf 89' lang='lat' dir='ltr'>carissimus</span> <span class='ocrx_word' id='word_1_243' title='bbox 1698 2313 1783 2378; x_wconf 86' lang='lat' dir='ltr'>filius</span> <span class='ocrx_word' id='word_1_244' title='bbox 1806 2324 1839 2377; x_wconf 91' lang='lat' dir='ltr'>et</span> 
     </span>
     <span class='ocr_line' id='line_1_24' title="bbox 158 2401 1839 2490; baseline -0.001 -23"><span class='ocrx_word' id='word_1_245' title='bbox 158 2404 202 2467; x_wconf 92' lang='lat' dir='ltr'>de</span> <span class='ocrx_word' id='word_1_246' title='bbox 235 2403 309 2466; x_wconf 91' lang='lat' dir='ltr'>sinu</span> <span class='ocrx_word' id='word_1_247' title='bbox 332 2403 484 2488; x_wconf 72' lang='lat' dir='ltr'>Romane</span> <span class='ocrx_word' id='word_1_248' title='bbox 514 2401 651 2490; x_wconf 72' lang='lat' dir='ltr'>ecclesie</span> <span class='ocrx_word' id='word_1_249' title='bbox 680 2404 841 2487; x_wconf 90' lang='lat' dir='ltr'>probatur</span> <span class='ocrx_word' id='word_1_250' title='bbox 868 2405 1016 2468; x_wconf 88' lang='lat' dir='ltr'>existere.</span> <span class='ocrx_word' id='word_1_251' title='bbox 1064 2404 1128 2486; x_wconf 88' lang='lat' dir='ltr'>Qui</span> <span class='ocrx_word' id='word_1_252' title='bbox 1161 2405 1204 2469; x_wconf 91' lang='lat' dir='ltr'>ad</span> <span class='ocrx_word' id='word_1_253' title='bbox 1236 2415 1347 2485; x_wconf 87' lang='lat' dir='ltr'>partes</span> <span class='ocrx_word' id='word_1_254' title='bbox 1377 2404 1447 2467; x_wconf 90' lang='lat' dir='ltr'>illas</span> <span class='ocrx_word' id='word_1_255' title='bbox 1468 2413 1623 2467; x_wconf 89' lang='lat' dir='ltr'>venturus</span> <span class='ocrx_word' id='word_1_256' title='bbox 1653 2423 1696 2466; x_wconf 91' lang='lat' dir='ltr'>ex</span> <span class='ocrx_word' id='word_1_257' title='bbox 1725 2412 1839 2466; x_wconf 90' lang='lat' dir='ltr'>nostra</span> 
     </span>
     <span class='ocr_line' id='line_1_25' title="bbox 158 2491 1839 2575; baseline -0.002 -18"><span class='ocrx_word' id='word_1_258' title='bbox 158 2492 398 2558; x_wconf 90' lang='lat' dir='ltr'>deliberatione</span> <span class='ocrx_word' id='word_1_259' title='bbox 421 2511 554 2554; x_wconf 90' lang='lat' dir='ltr'>causam</span> <span class='ocrx_word' id='word_1_260' title='bbox 578 2491 666 2555; x_wconf 91' lang='lat' dir='ltr'>illam</span> <span class='ocrx_word' id='word_1_261' title='bbox 689 2503 722 2556; x_wconf 89' lang='lat' dir='ltr'>et</span> <span class='ocrx_word' id='word_1_262' title='bbox 744 2493 884 2575; x_wconf 88' lang='lat' dir='ltr'>litigium</span> <span class='ocrx_word' id='word_1_263' title='bbox 908 2493 1146 2569; x_wconf 88' lang='lat' dir='ltr'>determinaret,</span> <span class='ocrx_word' id='word_1_264' title='bbox 1168 2504 1203 2558; x_wconf 94' lang='lat' dir='ltr'>ut</span> <span class='ocrx_word' id='word_1_265' title='bbox 1218 2494 1448 2557; x_wconf 89' lang='lat' dir='ltr'>Namnetensis</span> <span class='ocrx_word' id='word_1_266' title='bbox 1464 2493 1639 2575; x_wconf 89' lang='lat' dir='ltr'>episcopus</span> <span class='ocrx_word' id='word_1_267' title='bbox 1659 2513 1719 2574; x_wconf 89' lang='lat' dir='ltr'>per</span> <span class='ocrx_word' id='word_1_268' title='bbox 1744 2512 1839 2555; x_wconf 91' lang='lat' dir='ltr'>suum</span> 
     </span>
     <span class='ocr_line' id='line_1_26' title="bbox 159 2581 1837 2665; baseline -0.001 -19"><span class='ocrx_word' id='word_1_269' title='bbox 159 2583 318 2646; x_wconf 91' lang='lat' dir='ltr'>idoneum</span> <span class='ocrx_word' id='word_1_270' title='bbox 341 2581 487 2663; x_wconf 85' lang='lat' dir='ltr'>legatum</span> <span class='ocrx_word' id='word_1_271' title='bbox 509 2592 715 2646; x_wconf 89' lang='lat' dir='ltr'>sacramento</span> <span class='ocrx_word' id='word_1_272' title='bbox 740 2582 882 2646; x_wconf 84' lang='lat' dir='ltr'>firmaret</span> <span class='ocrx_word' id='word_1_273' title='bbox 905 2582 978 2659; x_wconf 92' lang='lat' dir='ltr'>hoc,</span> <span class='ocrx_word' id='word_1_274' title='bbox 1008 2584 1100 2665; x_wconf 93' lang='lat' dir='ltr'>quod</span> <span class='ocrx_word' id='word_1_275' title='bbox 1131 2584 1172 2646; x_wconf 93' lang='lat' dir='ltr'>de</span> <span class='ocrx_word' id='word_1_276' title='bbox 1203 2584 1276 2665; x_wconf 88' lang='lat' dir='ltr'>ipsa</span> <span class='ocrx_word' id='word_1_277' title='bbox 1306 2583 1443 2646; x_wconf 92' lang='lat' dir='ltr'>ecclesia</span> <span class='ocrx_word' id='word_1_278' title='bbox 1466 2583 1613 2664; x_wconf 90' lang='lat' dir='ltr'>superius</span> <span class='ocrx_word' id='word_1_279' title='bbox 1636 2582 1756 2645; x_wconf 90' lang='lat' dir='ltr'>dictum</span> <span class='ocrx_word' id='word_1_280' title='bbox 1780 2591 1837 2645; x_wconf 83' lang='lat' dir='ltr'>est</span> 
     </span>
     <span class='ocr_line' id='line_1_27' title="bbox 159 2671 1837 2755; baseline -0.002 -19"><span class='ocrx_word' id='word_1_281' title='bbox 159 2674 235 2736; x_wconf 89' lang='lat' dir='ltr'>Hoc</span> <span class='ocrx_word' id='word_1_282' title='bbox 259 2681 371 2734; x_wconf 91' lang='lat' dir='ltr'>autem</span> <span class='ocrx_word' id='word_1_283' title='bbox 392 2680 633 2733; x_wconf 84' lang='lat' dir='ltr'>sacramentum</span> <span class='ocrx_word' id='word_1_284' title='bbox 656 2671 721 2735; x_wconf 93' lang='lat' dir='ltr'>hoc</span> <span class='ocrx_word' id='word_1_285' title='bbox 744 2672 846 2735; x_wconf 90' lang='lat' dir='ltr'>modo</span> <span class='ocrx_word' id='word_1_286' title='bbox 872 2672 1051 2755; x_wconf 89' lang='lat' dir='ltr'>procedat:</span> <span class='ocrx_word' id='word_1_287' title='bbox 1090 2674 1163 2755; x_wconf 88' lang='lat' dir='ltr'>Ego</span> <span class='ocrx_word' id='word_1_288' title='bbox 1188 2673 1367 2754; x_wconf 85' lang='lat' dir='ltr'>Quiriacus,</span> <span class='ocrx_word' id='word_1_289' title='bbox 1391 2672 1623 2735; x_wconf 90' lang='lat' dir='ltr'>Namnetensis</span> <span class='ocrx_word' id='word_1_290' title='bbox 1653 2671 1837 2753; x_wconf 88' lang='lat' dir='ltr'>episcopus,</span> 
     </span>
     <span class='ocr_line' id='line_1_28' title="bbox 159 2758 1838 2843; baseline -0.002 -17"><span class='ocrx_word' id='word_1_291' title='bbox 159 2761 335 2826; x_wconf 89' lang='lat' dir='ltr'>ecclesiam</span> <span class='ocrx_word' id='word_1_292' title='bbox 357 2759 462 2822; x_wconf 87' lang='lat' dir='ltr'>sancti</span> <span class='ocrx_word' id='word_1_293' title='bbox 485 2758 673 2836; x_wconf 86' lang='lat' dir='ltr'>Salvatoris,</span> <span class='ocrx_word' id='word_1_294' title='bbox 697 2762 794 2824; x_wconf 91' lang='lat' dir='ltr'>sitam</span> <span class='ocrx_word' id='word_1_295' title='bbox 818 2761 893 2825; x_wconf 91' lang='lat' dir='ltr'>loco</span> <span class='ocrx_word' id='word_1_296' title='bbox 917 2762 1007 2843; x_wconf 94' lang='lat' dir='ltr'>quod</span> <span class='ocrx_word' id='word_1_297' title='bbox 1030 2771 1167 2826; x_wconf 88' lang='lat' dir='ltr'>vocatur</span> <span class='ocrx_word' id='word_1_298' title='bbox 1188 2762 1377 2838; x_wconf 83' lang='lat' dir='ltr'>Bairiacus,¹</span> <span class='ocrx_word' id='word_1_299' title='bbox 1396 2781 1463 2824; x_wconf 93' lang='lat' dir='ltr'>non</span> <span class='ocrx_word' id='word_1_300' title='bbox 1485 2760 1606 2824; x_wconf 88' lang='lat' dir='ltr'>tradidi</span> <span class='ocrx_word' id='word_1_301' title='bbox 1629 2761 1838 2823; x_wconf 91' lang='lat' dir='ltr'>Rodonensis</span> 
     </span>
     <span class='ocr_line' id='line_1_29' title="bbox 160 2846 1839 2943; baseline -0.002 -27"><span class='ocrx_word' id='word_1_302' title='bbox 160 2850 351 2916; x_wconf 90' lang='lat' dir='ltr'>monasterii</span> <span class='ocrx_word' id='word_1_303' title='bbox 375 2847 555 2924; x_wconf 91' lang='lat' dir='ltr'>monachis,</span> <span class='ocrx_word' id='word_1_304' title='bbox 588 2870 649 2913; x_wconf 93' lang='lat' dir='ltr'>nec</span> <span class='ocrx_word' id='word_1_305' title='bbox 672 2850 844 2927; x_wconf 90' lang='lat' dir='ltr'>Airardus,</span> <span class='ocrx_word' id='word_1_306' title='bbox 875 2860 1064 2914; x_wconf 90' lang='lat' dir='ltr'>antecessor</span> <span class='ocrx_word' id='word_1_307' title='bbox 1086 2871 1185 2929; x_wconf 90' lang='lat' dir='ltr'>meus,</span> <span class='ocrx_word' id='word_1_308' title='bbox 1215 2870 1270 2943; x_wconf 70' lang='lat' dir='ltr'>me</span> <span class='ocrx_word' id='word_1_309' title='bbox 1291 2846 1424 2927; x_wconf 80' lang='lat' dir='ltr'>sciente,</span> <span class='ocrx_word' id='word_1_310' title='bbox 1460 2860 1637 2932; x_wconf 88' lang='lat' dir='ltr'>antequam</span> <span class='ocrx_word' id='word_1_311' title='bbox 1669 2850 1839 2913; x_wconf 91' lang='lat' dir='ltr'>monachis</span> 
     </span>
     <span class='ocr_line' id='line_1_30' title="bbox 160 2938 1837 3023; baseline -0.002 -19"><span class='ocrx_word' id='word_1_312' title='bbox 160 2939 297 3004; x_wconf 89' lang='lat' dir='ltr'>Maioris</span> <span class='ocrx_word' id='word_1_313' title='bbox 327 2938 516 3002; x_wconf 85' lang='lat' dir='ltr'>monasterii</span> <span class='ocrx_word' id='word_1_314' title='bbox 547 2939 651 3002; x_wconf 91' lang='lat' dir='ltr'>sancti</span> <span class='ocrx_word' id='word_1_315' title='bbox 676 2940 809 3003; x_wconf 91' lang='lat' dir='ltr'>Martini</span> <span class='ocrx_word' id='word_1_316' title='bbox 841 2940 913 3023; x_wconf 91' lang='lat' dir='ltr'>ipsa</span> <span class='ocrx_word' id='word_1_317' title='bbox 943 2940 1081 3004; x_wconf 88' lang='lat' dir='ltr'>ecclesia</span> <span class='ocrx_word' id='word_1_318' title='bbox 1110 2961 1170 3022; x_wconf 91' lang='lat' dir='ltr'>per</span> <span class='ocrx_word' id='word_1_319' title='bbox 1202 2960 1254 3004; x_wconf 91' lang='lat' dir='ltr'>me</span> <span class='ocrx_word' id='word_1_320' title='bbox 1283 2940 1334 3004; x_wconf 89' lang='lat' dir='ltr'>vel</span> <span class='ocrx_word' id='word_1_321' title='bbox 1367 2959 1475 3003; x_wconf 91' lang='lat' dir='ltr'>meum</span> <span class='ocrx_word' id='word_1_322' title='bbox 1499 2950 1739 3004; x_wconf 90' lang='lat' dir='ltr'>antecessorem</span> <span class='ocrx_word' id='word_1_323' title='bbox 1761 2958 1837 3002; x_wconf 92' lang='lat' dir='ltr'>con-</span> 
     </span>
     <span class='ocr_line' id='line_1_31' title="bbox 160 3028 402 3095; baseline -0.021 0"><span class='ocrx_word' id='word_1_324' title='bbox 160 3050 255 3095; x_wconf 89' lang='lat' dir='ltr'>cessa</span> <span class='ocrx_word' id='word_1_325' title='bbox 277 3028 402 3092; x_wconf 84' lang='lat' dir='ltr'>suisset.</span> 
     </span>
    </p>
   </div>
   <div class='ocr_carea' id='block_1_3' title="bbox 322 3139 1376 3208">
    <p class='ocr_par' dir='ltr' id='par_1_3' title="bbox 322 3139 1376 3208">
     <span class='ocr_line' id='line_1_32' title="bbox 322 3139 1376 3208; baseline -0.001 -16"><span class='ocrx_word' id='word_1_326' title='bbox 322 3140 448 3208; x_wconf 72' lang='lat' dir='ltr'>Abschnfl</span> <span class='ocrx_word' id='word_1_327' title='bbox 464 3141 504 3191; x_wconf 82' lang='lat' dir='ltr'>des</span> <span class='ocrx_word' id='word_1_328' title='bbox 522 3140 578 3192; x_wconf 86' lang='lat' dir='ltr'>MS.</span> <span class='ocrx_word' id='word_1_329' title='bbox 598 3143 641 3192; x_wconf 76' lang='lat' dir='ltr'>lat.</span> <span class='ocrx_word' id='word_1_330' title='bbox 660 3143 746 3193; x_wconf 71' lang='grc'><strong><em>16992</em></strong></span> <span class='ocrx_word' id='word_1_331' title='bbox 758 3141 812 3207; x_wconf 85' lang='lat' dir='ltr'>sol.</span> <span class='ocrx_word' id='word_1_332' title='bbox 834 3143 895 3203; x_wconf 75' lang='lat'>202,</span> <span class='ocrx_word' id='word_1_333' title='bbox 914 3139 942 3190; x_wconf 81' lang='lat' dir='ltr'>in</span> <span class='ocrx_word' id='word_1_334' title='bbox 959 3142 1003 3192; x_wconf 81' lang='lat' dir='ltr'>der</span> <span class='ocrx_word' id='word_1_335' title='bbox 1019 3142 1082 3192; x_wconf 83' lang='lat' dir='ltr'>Bibl.</span> <span class='ocrx_word' id='word_1_336' title='bbox 1102 3141 1230 3192; x_wconf 75' lang='lat' dir='ltr'>Nationalc</span> <span class='ocrx_word' id='word_1_337' title='bbox 1247 3159 1277 3191; x_wconf 79' lang='lat' dir='ltr'>zu</span> <span class='ocrx_word' id='word_1_338' title='bbox 1297 3140 1376 3192; x_wconf 84' lang='lat' dir='ltr'>Paris.</span> 
     </span>
    </p>
   </div>
   <div class='ocr_carea' id='block_1_4' title="bbox 921 3459 1080 3536">
    <p class='ocr_par' dir='ltr' id='par_1_4' title="bbox 921 3459 1080 3536">
     <span class='ocr_line' id='line_1_33' title="bbox 921 3459 1080 3536; baseline 0.006 -1"><span class='ocrx_word' id='word_1_339' title='bbox 921 3459 987 3535; x_wconf 88' lang='lat' dir='ltr'>Nr.</span> <span class='ocrx_word' id='word_1_340' title='bbox 1021 3464 1080 3536; x_wconf 87' lang='lat'>14.</span> 
     </span>
    </p>
   </div>
   <div class='ocr_carea' id='block_1_5' title="bbox 242 3609 1758 3829">
    <p class='ocr_par' dir='ltr' id='par_1_5' title="bbox 242 3609 1758 3829">
     <span class='ocr_line' id='line_1_34' title="bbox 242 3609 1758 3697; baseline -0.001 -19"><span class='ocrx_word' id='word_1_341' title='bbox 242 3612 431 3679; x_wconf 75' lang='lat' dir='ltr'>Alexander</span> <span class='ocrx_word' id='word_1_342' title='bbox 445 3612 491 3677; x_wconf 88' lang='lat' dir='ltr'>II</span> <span class='ocrx_word' id='word_1_343' title='bbox 499 3611 650 3697; x_wconf 80' lang='lat' dir='ltr'>bestiitr&#39;gt</span> <span class='ocrx_word' id='word_1_344' title='bbox 662 3612 725 3678; x_wconf 84' lang='lat' dir='ltr'>den</span> <span class='ocrx_word' id='word_1_345' title='bbox 742 3609 951 3676; x_wconf 72' lang='lat' dir='ltr'>Kanonr&#39;llern</span> <span class='ocrx_word' id='word_1_346' title='bbox 965 3632 1029 3677; x_wconf 85' lang='lat' dir='ltr'>von</span> <span class='ocrx_word' id='word_1_347' title='bbox 1045 3610 1218 3676; x_wconf 75' lang='lat' dir='ltr'>Str-Cror&#39;x</span> <span class='ocrx_word' id='word_1_348' title='bbox 1231 3609 1263 3675; x_wconf 70' lang='lat' dir='ltr'><em>d</em></span> <span class='ocrx_word' id='word_1_349' title='bbox 1270 3611 1409 3678; x_wconf 76' lang='lat' dir='ltr'>Orle‘ans</span> <span class='ocrx_word' id='word_1_350' title='bbox 1425 3613 1495 3677; x_wconf 79' lang='lat' dir='ltr'>ihre</span> <span class='ocrx_word' id='word_1_351' title='bbox 1509 3612 1758 3677; x_wconf 75' lang='lat' dir='ltr'>Besitztluimer.</span> 
     </span>
     <span class='ocr_line' id='line_1_35' title="bbox 782 3744 1228 3829; baseline 0 -19"><span class='ocrx_word' id='word_1_352' title='bbox 782 3747 868 3810; x_wconf 83' lang='lat'><strong><em>1073</em></strong></span> <span class='ocrx_word' id='word_1_353' title='bbox 882 3744 985 3829; x_wconf 82' lang='lat' dir='ltr'>April</span> <span class='ocrx_word' id='word_1_354' title='bbox 995 3749 1045 3811; x_wconf 85' lang='lat'>19.</span> <span class='ocrx_word' id='word_1_355' title='bbox 1078 3746 1228 3812; x_wconf 81' lang='lat' dir='ltr'>Lateran.</span> 
     </span>
    </p>
   </div>
   <div class='ocr_carea' id='block_1_6' title="bbox 163 3880 1844 5488">
    <p class='ocr_par' dir='ltr' id='par_1_6' title="bbox 163 3880 1844 5488">
     <span class='ocr_line' id='line_1_36' title="bbox 327 3880 1842 3965; baseline -0.001 -20"><span class='ocrx_word' id='word_1_356' title='bbox 327 3881 520 3946; x_wconf 88' lang='lat' dir='ltr'>Alexander</span> <span class='ocrx_word' id='word_1_357' title='bbox 535 3881 719 3965; x_wconf 89' lang='lat' dir='ltr'>episcopus,</span> <span class='ocrx_word' id='word_1_358' title='bbox 743 3901 855 3945; x_wconf 90' lang='lat' dir='ltr'>servus</span> <span class='ocrx_word' id='word_1_359' title='bbox 869 3901 1037 3945; x_wconf 91' lang='lat' dir='ltr'>servorum</span> <span class='ocrx_word' id='word_1_360' title='bbox 1060 3881 1122 3959; x_wconf 92' lang='lat' dir='ltr'>dei,</span> <span class='ocrx_word' id='word_1_361' title='bbox 1138 3882 1306 3946; x_wconf 89' lang='lat' dir='ltr'>canonicis</span> <span class='ocrx_word' id='word_1_362' title='bbox 1321 3890 1454 3945; x_wconf 88' lang='lat' dir='ltr'>sanctae</span> <span class='ocrx_word' id='word_1_363' title='bbox 1470 3880 1582 3945; x_wconf 89' lang='lat' dir='ltr'>Crucis</span> <span class='ocrx_word' id='word_1_364' title='bbox 1596 3880 1842 3945; x_wconf 86' lang='lat' dir='ltr'>Aurelianensis</span> 
     </span>
     <span class='ocr_line' id='line_1_37' title="bbox 164 3971 1842 4056; baseline -0.003 -18"><span class='ocrx_word' id='word_1_365' title='bbox 164 3974 199 4038; x_wconf 94' lang='lat' dir='ltr'>in</span> <span class='ocrx_word' id='word_1_366' title='bbox 222 3982 431 4056; x_wconf 90' lang='lat' dir='ltr'>perpetuum.</span> <span class='ocrx_word' id='word_1_367' title='bbox 475 3971 563 4035; x_wconf 92' lang='lat' dir='ltr'>Inter</span> <span class='ocrx_word' id='word_1_368' title='bbox 585 3981 703 4046; x_wconf 87' lang='lat' dir='ltr'>cetera,</span> <span class='ocrx_word' id='word_1_369' title='bbox 731 3990 816 4052; x_wconf 91' lang='lat' dir='ltr'>quae</span> <span class='ocrx_word' id='word_1_370' title='bbox 839 3971 999 4053; x_wconf 86' lang='lat' dir='ltr'>generalis</span> <span class='ocrx_word' id='word_1_371' title='bbox 1022 3991 1099 4034; x_wconf 88' lang='lat' dir='ltr'>cura</span> <span class='ocrx_word' id='word_1_372' title='bbox 1121 3981 1154 4034; x_wconf 95' lang='lat' dir='ltr'>et</span> <span class='ocrx_word' id='word_1_373' title='bbox 1177 3972 1379 4054; x_wconf 89' lang='lat' dir='ltr'>dispensatio</span> <span class='ocrx_word' id='word_1_374' title='bbox 1403 3971 1576 4054; x_wconf 91' lang='lat' dir='ltr'>apostolici</span> <span class='ocrx_word' id='word_1_375' title='bbox 1610 3971 1842 4034; x_wconf 88' lang='lat' dir='ltr'>moderaminis</span> 
     </span>
     <span class='ocr_line' id='line_1_38' title="bbox 164 4057 1843 4143; baseline -0.002 -17"><span class='ocrx_word' id='word_1_376' title='bbox 164 4063 393 4138; x_wconf 87' lang='lat' dir='ltr'>amministrat,</span> <span class='ocrx_word' id='word_1_377' title='bbox 425 4081 510 4143; x_wconf 91' lang='lat' dir='ltr'>quae</span> <span class='ocrx_word' id='word_1_378' title='bbox 541 4060 584 4124; x_wconf 92' lang='lat' dir='ltr'>de</span> <span class='ocrx_word' id='word_1_379' title='bbox 614 4060 711 4124; x_wconf 88' lang='lat' dir='ltr'>rebus</span> <span class='ocrx_word' id='word_1_380' title='bbox 734 4060 962 4124; x_wconf 90' lang='lat' dir='ltr'>ecclesiasticis</span> <span class='ocrx_word' id='word_1_381' title='bbox 992 4070 1025 4124; x_wconf 94' lang='lat' dir='ltr'>et</span> <span class='ocrx_word' id='word_1_382' title='bbox 1055 4061 1246 4143; x_wconf 88' lang='lat' dir='ltr'>praesertim</span> <span class='ocrx_word' id='word_1_383' title='bbox 1275 4061 1442 4124; x_wconf 92' lang='lat' dir='ltr'>canonicis</span> <span class='ocrx_word' id='word_1_384' title='bbox 1472 4057 1642 4124; x_wconf 89' lang='lat' dir='ltr'>ordinibus</span> <span class='ocrx_word' id='word_1_385' title='bbox 1671 4060 1843 4124; x_wconf 88' lang='lat' dir='ltr'>salubriter</span> 
     </span>
     <span class='ocr_line' id='line_1_39' title="bbox 163 4149 1843 4232; baseline -0.002 -16"><span class='ocrx_word' id='word_1_386' title='bbox 163 4162 289 4216; x_wconf 86' lang='lat' dir='ltr'>statuta</span> <span class='ocrx_word' id='word_1_387' title='bbox 311 4162 346 4215; x_wconf 90' lang='lat' dir='ltr'>et</span> <span class='ocrx_word' id='word_1_388' title='bbox 369 4150 521 4215; x_wconf 89' lang='lat' dir='ltr'>ordinata</span> <span class='ocrx_word' id='word_1_389' title='bbox 542 4159 626 4226; x_wconf 90' lang='lat' dir='ltr'>sunt,</span> <span class='ocrx_word' id='word_1_390' title='bbox 650 4149 841 4231; x_wconf 90' lang='lat' dir='ltr'>apostolicis</span> <span class='ocrx_word' id='word_1_391' title='bbox 864 4150 1069 4214; x_wconf 89' lang='lat' dir='ltr'>corroborari</span> <span class='ocrx_word' id='word_1_392' title='bbox 1086 4151 1224 4214; x_wconf 91' lang='lat' dir='ltr'>decretis</span> <span class='ocrx_word' id='word_1_393' title='bbox 1239 4150 1354 4232; x_wconf 91' lang='lat' dir='ltr'>procul</span> <span class='ocrx_word' id='word_1_394' title='bbox 1370 4150 1472 4213; x_wconf 92' lang='lat' dir='ltr'>dubio</span> <span class='ocrx_word' id='word_1_395' title='bbox 1488 4150 1673 4214; x_wconf 90' lang='lat' dir='ltr'>auctoritati</span> <span class='ocrx_word' id='word_1_396' title='bbox 1689 4151 1843 4213; x_wconf 91' lang='lat' dir='ltr'>convenit</span> 
     </span>
     <span class='ocr_line' id='line_1_40' title="bbox 164 4238 1843 4324; baseline -0.002 -19"><span class='ocrx_word' id='word_1_397' title='bbox 164 4252 200 4305; x_wconf 91' lang='lat' dir='ltr'>et</span> <span class='ocrx_word' id='word_1_398' title='bbox 213 4241 341 4324; x_wconf 89' lang='lat' dir='ltr'>pietati.</span> <span class='ocrx_word' id='word_1_399' title='bbox 366 4240 619 4304; x_wconf 89' lang='lat' dir='ltr'>Considerantes</span> <span class='ocrx_word' id='word_1_400' title='bbox 635 4239 733 4322; x_wconf 87' lang='lat' dir='ltr'>igitur</span> <span class='ocrx_word' id='word_1_401' title='bbox 747 4239 947 4321; x_wconf 89' lang='lat' dir='ltr'>aequitatem</span> <span class='ocrx_word' id='word_1_402' title='bbox 962 4249 1089 4303; x_wconf 88' lang='lat' dir='ltr'>vestrae</span> <span class='ocrx_word' id='word_1_403' title='bbox 1104 4238 1344 4321; x_wconf 92' lang='lat' dir='ltr'>postulationis,</span> <span class='ocrx_word' id='word_1_404' title='bbox 1359 4239 1521 4315; x_wconf 90' lang='lat' dir='ltr'>videlicet,</span> <span class='ocrx_word' id='word_1_405' title='bbox 1537 4251 1573 4303; x_wconf 90' lang='lat' dir='ltr'>ut</span> <span class='ocrx_word' id='word_1_406' title='bbox 1584 4241 1652 4303; x_wconf 90' lang='lat' dir='ltr'>iura</span> <span class='ocrx_word' id='word_1_407' title='bbox 1664 4240 1843 4303; x_wconf 87' lang='lat' dir='ltr'>canonicae</span> 
     </span>
     <span class='ocr_line' id='line_1_41' title="bbox 164 4327 1841 4413; baseline -0.002 -19"><span class='ocrx_word' id='word_1_408' title='bbox 164 4341 308 4409; x_wconf 88' lang='lat' dir='ltr'>vestrae,</span> <span class='ocrx_word' id='word_1_409' title='bbox 332 4331 486 4413; x_wconf 90' lang='lat' dir='ltr'>quatinus</span> <span class='ocrx_word' id='word_1_410' title='bbox 510 4329 667 4410; x_wconf 90' lang='lat' dir='ltr'>deinceps</span> <span class='ocrx_word' id='word_1_411' title='bbox 699 4327 810 4392; x_wconf 89' lang='lat' dir='ltr'>illaesa</span> <span class='ocrx_word' id='word_1_412' title='bbox 840 4338 940 4411; x_wconf 88' lang='lat' dir='ltr'>atque</span> <span class='ocrx_word' id='word_1_413' title='bbox 972 4329 1128 4392; x_wconf 89' lang='lat' dir='ltr'>inviolata</span> <span class='ocrx_word' id='word_1_414' title='bbox 1150 4339 1373 4411; x_wconf 89' lang='lat' dir='ltr'>permaneant,</span> <span class='ocrx_word' id='word_1_415' title='bbox 1406 4338 1518 4393; x_wconf 90' lang='lat' dir='ltr'>nostro</span> <span class='ocrx_word' id='word_1_416' title='bbox 1545 4329 1716 4412; x_wconf 83' lang='lat' dir='ltr'>privilegio</span> <span class='ocrx_word' id='word_1_417' title='bbox 1739 4329 1841 4391; x_wconf 91' lang='lat' dir='ltr'>muni·</span> 
     </span>
     <span class='ocr_line' id='line_1_42' title="bbox 164 4417 1841 4502; baseline -0.003 -17"><span class='ocrx_word' id='word_1_418' title='bbox 164 4441 283 4498; x_wconf 90' lang='lat' dir='ltr'>remus,</span> <span class='ocrx_word' id='word_1_419' title='bbox 315 4419 530 4502; x_wconf 90' lang='lat' dir='ltr'>petitionibus</span> <span class='ocrx_word' id='word_1_420' title='bbox 561 4418 678 4482; x_wconf 82' lang='lat' dir='ltr'>vestris</span> <span class='ocrx_word' id='word_1_421' title='bbox 707 4417 862 4481; x_wconf 92' lang='lat' dir='ltr'>benivola</span> <span class='ocrx_word' id='word_1_422' title='bbox 891 4419 1105 4482; x_wconf 90' lang='lat' dir='ltr'>concessione</span> <span class='ocrx_word' id='word_1_423' title='bbox 1132 4419 1343 4482; x_wconf 90' lang='lat' dir='ltr'>annuendum</span> <span class='ocrx_word' id='word_1_424' title='bbox 1379 4438 1450 4482; x_wconf 93' lang='lat' dir='ltr'>esse</span> <span class='ocrx_word' id='word_1_425' title='bbox 1482 4419 1695 4500; x_wconf 89' lang='lat' dir='ltr'>providimus.</span> <span class='ocrx_word' id='word_1_426' title='bbox 1746 4417 1841 4481; x_wconf 93' lang='lat' dir='ltr'>Intel-</span> 
     </span>
     <span class='ocr_line' id='line_1_43' title="bbox 165 4506 1841 4586; baseline -0.003 -12"><span class='ocrx_word' id='word_1_427' title='bbox 165 4510 306 4574; x_wconf 90' lang='lat' dir='ltr'>leximus</span> <span class='ocrx_word' id='word_1_428' title='bbox 329 4509 426 4586; x_wconf 91' lang='lat' dir='ltr'>enim,</span> <span class='ocrx_word' id='word_1_429' title='bbox 450 4509 506 4572; x_wconf 91' lang='lat' dir='ltr'>diu</span> <span class='ocrx_word' id='word_1_430' title='bbox 538 4508 704 4571; x_wconf 88' lang='lat' dir='ltr'>intervos</span> <span class='ocrx_word' id='word_1_431' title='bbox 726 4506 857 4571; x_wconf 87' lang='lat' dir='ltr'>habitas</span> <span class='ocrx_word' id='word_1_432' title='bbox 880 4507 983 4571; x_wconf 88' lang='lat' dir='ltr'>malas</span> <span class='ocrx_word' id='word_1_433' title='bbox 1007 4508 1260 4572; x_wconf 87' lang='lat' dir='ltr'>consuetudines</span> <span class='ocrx_word' id='word_1_434' title='bbox 1282 4518 1352 4572; x_wconf 93' lang='lat' dir='ltr'>tum</span> <span class='ocrx_word' id='word_1_435' title='bbox 1367 4517 1476 4571; x_wconf 92' lang='lat' dir='ltr'>vestro</span> <span class='ocrx_word' id='word_1_436' title='bbox 1500 4508 1622 4584; x_wconf 91' lang='lat' dir='ltr'>labore,</span> <span class='ocrx_word' id='word_1_437' title='bbox 1647 4517 1716 4570; x_wconf 92' lang='lat' dir='ltr'>tum</span> <span class='ocrx_word' id='word_1_438' title='bbox 1731 4507 1841 4571; x_wconf 88' lang='lat' dir='ltr'>studio</span> 
     </span>
     <span class='ocr_line' id='line_1_44' title="bbox 165 4596 1842 4680; baseline -0.004 -15"><span class='ocrx_word' id='word_1_439' title='bbox 165 4611 200 4665; x_wconf 91' lang='lat' dir='ltr'>et</span> <span class='ocrx_word' id='word_1_440' title='bbox 213 4599 439 4664; x_wconf 91' lang='lat' dir='ltr'>benivolentia</span> <span class='ocrx_word' id='word_1_441' title='bbox 459 4597 607 4680; x_wconf 90' lang='lat' dir='ltr'>episcopi</span> <span class='ocrx_word' id='word_1_442' title='bbox 627 4596 725 4660; x_wconf 92' lang='lat' dir='ltr'>vestri</span> <span class='ocrx_word' id='word_1_443' title='bbox 749 4597 883 4660; x_wconf 89' lang='lat' dir='ltr'>tandem</span> <span class='ocrx_word' id='word_1_444' title='bbox 899 4618 970 4661; x_wconf 91' lang='lat' dir='ltr'>esse</span> <span class='ocrx_word' id='word_1_445' title='bbox 986 4607 1156 4674; x_wconf 87' lang='lat' dir='ltr'>resecatas,</span> <span class='ocrx_word' id='word_1_446' title='bbox 1177 4607 1210 4661; x_wconf 91' lang='lat' dir='ltr'>et</span> <span class='ocrx_word' id='word_1_447' title='bbox 1225 4618 1266 4660; x_wconf 91' lang='lat' dir='ltr'>ne</span> <span class='ocrx_word' id='word_1_448' title='bbox 1283 4597 1414 4661; x_wconf 89' lang='lat' dir='ltr'>ulterius</span> <span class='ocrx_word' id='word_1_449' title='bbox 1429 4596 1616 4678; x_wconf 84' lang='lat' dir='ltr'>resurgendi</span> <span class='ocrx_word' id='word_1_450' title='bbox 1633 4597 1842 4661; x_wconf 90' lang='lat' dir='ltr'>occasionem</span> 
     </span>
     <span class='ocr_line' id='line_1_45' title="bbox 165 4686 1841 4769; baseline -0.002 -16"><span class='ocrx_word' id='word_1_451' title='bbox 165 4700 222 4753; x_wconf 86' lang='lat' dir='ltr'>aut</span> <span class='ocrx_word' id='word_1_452' title='bbox 242 4688 409 4753; x_wconf 86' lang='lat' dir='ltr'>licentiam</span> <span class='ocrx_word' id='word_1_453' title='bbox 424 4686 578 4763; x_wconf 86' lang='lat' dir='ltr'>habeant,</span> <span class='ocrx_word' id='word_1_454' title='bbox 601 4686 794 4750; x_wconf 89' lang='lat' dir='ltr'>auctorabili</span> <span class='ocrx_word' id='word_1_455' title='bbox 818 4706 954 4750; x_wconf 91' lang='lat' dir='ltr'>censura</span> <span class='ocrx_word' id='word_1_456' title='bbox 975 4686 1147 4763; x_wconf 92' lang='lat' dir='ltr'>cohibitas,</span> <span class='ocrx_word' id='word_1_457' title='bbox 1170 4697 1250 4751; x_wconf 90' lang='lat' dir='ltr'>vota</span> <span class='ocrx_word' id='word_1_458' title='bbox 1271 4697 1380 4750; x_wconf 91' lang='lat' dir='ltr'>vestra</span> <span class='ocrx_word' id='word_1_459' title='bbox 1401 4686 1567 4769; x_wconf 87' lang='lat' dir='ltr'>probabili</span> <span class='ocrx_word' id='word_1_460' title='bbox 1588 4686 1750 4749; x_wconf 89' lang='lat' dir='ltr'>desiderio</span> <span class='ocrx_word' id='word_1_461' title='bbox 1766 4706 1841 4749; x_wconf 92' lang='lat' dir='ltr'>con·</span> 
     </span>
     <span class='ocr_line' id='line_1_46' title="bbox 165 4774 1842 4862; baseline -0.002 -20"><span class='ocrx_word' id='word_1_462' title='bbox 165 4779 295 4862; x_wconf 89' lang='lat' dir='ltr'>cepisse</span> <span class='ocrx_word' id='word_1_463' title='bbox 329 4787 363 4841; x_wconf 91' lang='lat' dir='ltr'>et</span> <span class='ocrx_word' id='word_1_464' title='bbox 394 4777 483 4859; x_wconf 91' lang='lat' dir='ltr'>apud</span> <span class='ocrx_word' id='word_1_465' title='bbox 511 4775 695 4860; x_wconf 90' lang='lat' dir='ltr'>apostolica</span> <span class='ocrx_word' id='word_1_466' title='bbox 724 4774 838 4838; x_wconf 90' lang='lat' dir='ltr'>limina</span> <span class='ocrx_word' id='word_1_467' title='bbox 861 4776 1068 4858; x_wconf 89' lang='lat' dir='ltr'>quaesivisse.</span> <span class='ocrx_word' id='word_1_468' title='bbox 1114 4776 1208 4840; x_wconf 88' lang='lat' dir='ltr'>Flexi</span> <span class='ocrx_word' id='word_1_469' title='bbox 1240 4777 1336 4859; x_wconf 84' lang='lat' dir='ltr'>igitur</span> <span class='ocrx_word' id='word_1_470' title='bbox 1358 4776 1473 4839; x_wconf 90' lang='lat' dir='ltr'>vestris</span> <span class='ocrx_word' id='word_1_471' title='bbox 1500 4775 1653 4858; x_wconf 90' lang='lat' dir='ltr'>precibus</span> <span class='ocrx_word' id='word_1_472' title='bbox 1682 4786 1715 4839; x_wconf 92' lang='lat' dir='ltr'>et</span> <span class='ocrx_word' id='word_1_473' title='bbox 1747 4777 1842 4839; x_wconf 91' lang='lat' dir='ltr'>inter-</span> 
     </span>
     <span class='ocr_line' id='line_1_47' title="bbox 164 4865 1844 4948; baseline -0.002 -16"><span class='ocrx_word' id='word_1_474' title='bbox 164 4878 266 4932; x_wconf 90' lang='lat' dir='ltr'>ventu</span> <span class='ocrx_word' id='word_1_475' title='bbox 289 4867 462 4930; x_wconf 81' lang='lat' dir='ltr'>confratris</span> <span class='ocrx_word' id='word_1_476' title='bbox 484 4866 587 4930; x_wconf 88' lang='lat' dir='ltr'>nostri</span> <span class='ocrx_word' id='word_1_477' title='bbox 610 4865 764 4940; x_wconf 90' lang='lat' dir='ltr'>Rainerii,</span> <span class='ocrx_word' id='word_1_478' title='bbox 794 4866 891 4929; x_wconf 91' lang='lat' dir='ltr'>vestri</span> <span class='ocrx_word' id='word_1_479' title='bbox 915 4865 1068 4929; x_wconf 92' lang='lat' dir='ltr'>videlicet</span> <span class='ocrx_word' id='word_1_480' title='bbox 1091 4866 1239 4948; x_wconf 90' lang='lat' dir='ltr'>episcopi</span> <span class='ocrx_word' id='word_1_481' title='bbox 1255 4865 1292 4945; x_wconf 85' lang='lat'>⁴),</span> <span class='ocrx_word' id='word_1_482' title='bbox 1323 4886 1382 4948; x_wconf 90' lang='lat' dir='ltr'>per</span> <span class='ocrx_word' id='word_1_483' title='bbox 1405 4865 1563 4928; x_wconf 89' lang='lat' dir='ltr'>directam</span> <span class='ocrx_word' id='word_1_484' title='bbox 1586 4865 1629 4927; x_wconf 92' lang='lat' dir='ltr'>ad</span> <span class='ocrx_word' id='word_1_485' title='bbox 1661 4885 1722 4928; x_wconf 91' lang='lat' dir='ltr'>nos</span> <span class='ocrx_word' id='word_1_486' title='bbox 1745 4887 1844 4948; x_wconf 90' lang='lat' dir='ltr'>super</span> 
     </span>
     <span class='ocr_line' id='line_1_48' title="bbox 165 4954 1843 5043; baseline -0.002 -22"><span class='ocrx_word' id='word_1_487' title='bbox 165 4959 278 5022; x_wconf 86' lang='lat' dir='ltr'>haere</span> <span class='ocrx_word' id='word_1_488' title='bbox 294 4957 470 5038; x_wconf 88' lang='lat' dir='ltr'>epistolam</span> <span class='ocrx_word' id='word_1_489' title='bbox 493 4955 630 5031; x_wconf 89' lang='lat' dir='ltr'>exorati,</span> <span class='ocrx_word' id='word_1_490' title='bbox 654 4955 848 5043; x_wconf 88' lang='lat' dir='ltr'>canonicam</span> <span class='ocrx_word' id='word_1_491' title='bbox 862 4967 1005 5019; x_wconf 88' lang='lat' dir='ltr'>vestram</span> <span class='ocrx_word' id='word_1_492' title='bbox 1027 4974 1103 5018; x_wconf 91' lang='lat' dir='ltr'>cum</span> <span class='ocrx_word' id='word_1_493' title='bbox 1119 4956 1273 5018; x_wconf 90' lang='lat' dir='ltr'>omnibus</span> <span class='ocrx_word' id='word_1_494' title='bbox 1288 4955 1350 5018; x_wconf 91' lang='lat' dir='ltr'>sibi</span> <span class='ocrx_word' id='word_1_495' title='bbox 1366 4954 1605 5036; x_wconf 89' lang='lat' dir='ltr'>pertinentibus</span> <span class='ocrx_word' id='word_1_496' title='bbox 1622 4955 1654 5017; x_wconf 93' lang='lat' dir='ltr'>in</span> <span class='ocrx_word' id='word_1_497' title='bbox 1670 4956 1843 5018; x_wconf 88' lang='lat' dir='ltr'>tuitionem</span> 
     </span>
     <span class='ocr_line' id='line_1_49' title="bbox 165 5043 1843 5130; baseline -0.001 -20"><span class='ocrx_word' id='word_1_498' title='bbox 165 5046 480 5130; x_wconf 85' lang='lat' dir='ltr'>apostolicaesedis</span> <span class='ocrx_word' id='word_1_499' title='bbox 503 5045 699 5127; x_wconf 92' lang='lat' dir='ltr'>accepimus,</span> <span class='ocrx_word' id='word_1_500' title='bbox 732 5044 969 5108; x_wconf 88' lang='lat' dir='ltr'>rationabiliter</span> <span class='ocrx_word' id='word_1_501' title='bbox 998 5044 1230 5108; x_wconf 88' lang='lat' dir='ltr'>confirmantes</span> <span class='ocrx_word' id='word_1_502' title='bbox 1258 5056 1292 5108; x_wconf 90' lang='lat' dir='ltr'>et</span> <span class='ocrx_word' id='word_1_503' title='bbox 1321 5043 1581 5120; x_wconf 89' lang='lat' dir='ltr'>corroborantes,</span> <span class='ocrx_word' id='word_1_504' title='bbox 1613 5054 1649 5107; x_wconf 94' lang='lat' dir='ltr'>ut</span> <span class='ocrx_word' id='word_1_505' title='bbox 1678 5064 1726 5121; x_wconf 89' lang='lat' dir='ltr'>ea,</span> <span class='ocrx_word' id='word_1_506' title='bbox 1758 5065 1843 5127; x_wconf 91' lang='lat' dir='ltr'>quae</span> 
     </span>
     <span class='ocr_line' id='line_1_50' title="bbox 165 5133 1843 5220; baseline -0.002 -20"><span class='ocrx_word' id='word_1_507' title='bbox 165 5156 266 5220; x_wconf 90' lang='lat' dir='ltr'>supra</span> <span class='ocrx_word' id='word_1_508' title='bbox 288 5145 489 5199; x_wconf 90' lang='lat' dir='ltr'>memoratus</span> <span class='ocrx_word' id='word_1_509' title='bbox 511 5135 688 5218; x_wconf 91' lang='lat' dir='ltr'>episcopus</span> <span class='ocrx_word' id='word_1_510' title='bbox 710 5143 819 5196; x_wconf 90' lang='lat' dir='ltr'>vester</span> <span class='ocrx_word' id='word_1_511' title='bbox 839 5134 955 5197; x_wconf 88' lang='lat' dir='ltr'>vestris</span> <span class='ocrx_word' id='word_1_512' title='bbox 978 5133 1194 5216; x_wconf 91' lang='lat' dir='ltr'>petitionibus</span> <span class='ocrx_word' id='word_1_513' title='bbox 1217 5134 1258 5197; x_wconf 91' lang='lat' dir='ltr'>de</span> <span class='ocrx_word' id='word_1_514' title='bbox 1281 5133 1379 5197; x_wconf 90' lang='lat' dir='ltr'>bonis</span> <span class='ocrx_word' id='word_1_515' title='bbox 1395 5133 1552 5196; x_wconf 89' lang='lat' dir='ltr'>decaniae</span> <span class='ocrx_word' id='word_1_516' title='bbox 1576 5133 1618 5196; x_wconf 91' lang='lat' dir='ltr'>ad</span> <span class='ocrx_word' id='word_1_517' title='bbox 1634 5153 1843 5198; x_wconf 91' lang='lat' dir='ltr'>communem</span> 
     </span>
     <span class='ocr_line' id='line_1_51' title="bbox 165 5222 1843 5305; baseline -0.001 -16"><span class='ocrx_word' id='word_1_518' title='bbox 165 5245 260 5290; x_wconf 88' lang='lat' dir='ltr'>usum</span> <span class='ocrx_word' id='word_1_519' title='bbox 283 5224 419 5288; x_wconf 82' lang='lat' dir='ltr'>fratrum</span> <span class='ocrx_word' id='word_1_520' title='bbox 442 5225 557 5287; x_wconf 92' lang='lat' dir='ltr'>annuit</span> <span class='ocrx_word' id='word_1_521' title='bbox 579 5234 679 5305; x_wconf 89' lang='lat' dir='ltr'>atque</span> <span class='ocrx_word' id='word_1_522' title='bbox 702 5223 873 5299; x_wconf 90' lang='lat' dir='ltr'>concessit,</span> <span class='ocrx_word' id='word_1_523' title='bbox 897 5232 968 5287; x_wconf 89' lang='lat' dir='ltr'>rata</span> <span class='ocrx_word' id='word_1_524' title='bbox 983 5232 1016 5286; x_wconf 91' lang='lat' dir='ltr'>et</span> <span class='ocrx_word' id='word_1_525' title='bbox 1039 5223 1255 5287; x_wconf 91' lang='lat' dir='ltr'>indissolubili</span> <span class='ocrx_word' id='word_1_526' title='bbox 1272 5243 1403 5304; x_wconf 88' lang='lat' dir='ltr'>semper</span> <span class='ocrx_word' id='word_1_527' title='bbox 1417 5222 1598 5286; x_wconf 79' lang='lat' dir='ltr'>stabilitate</span> <span class='ocrx_word' id='word_1_528' title='bbox 1619 5234 1843 5305; x_wconf 88' lang='lat' dir='ltr'>permaneant,</span> 
     </span>
     <span class='ocr_line' id='line_1_52' title="bbox 167 5311 1844 5395; baseline -0.001 -16"><span class='ocrx_word' id='word_1_529' title='bbox 167 5315 224 5391; x_wconf 89' lang='lat' dir='ltr'>ita,</span> <span class='ocrx_word' id='word_1_530' title='bbox 257 5322 294 5378; x_wconf 92' lang='lat' dir='ltr'>ut</span> <span class='ocrx_word' id='word_1_531' title='bbox 324 5334 425 5378; x_wconf 91' lang='lat' dir='ltr'>nemo</span> <span class='ocrx_word' id='word_1_532' title='bbox 454 5333 600 5395; x_wconf 89' lang='lat' dir='ltr'>unquam</span> <span class='ocrx_word' id='word_1_533' title='bbox 631 5322 687 5376; x_wconf 89' lang='lat' dir='ltr'>aut</span> <span class='ocrx_word' id='word_1_534' title='bbox 716 5312 794 5375; x_wconf 92' lang='lat' dir='ltr'>inde</span> <span class='ocrx_word' id='word_1_535' title='bbox 826 5312 974 5388; x_wconf 89' lang='lat' dir='ltr'>avellere,</span> <span class='ocrx_word' id='word_1_536' title='bbox 1005 5322 1062 5377; x_wconf 91' lang='lat' dir='ltr'>aut</span> <span class='ocrx_word' id='word_1_537' title='bbox 1091 5323 1206 5376; x_wconf 88' lang='lat' dir='ltr'>contra</span> <span class='ocrx_word' id='word_1_538' title='bbox 1235 5312 1440 5376; x_wconf 89' lang='lat' dir='ltr'>voluntatem</span> <span class='ocrx_word' id='word_1_539' title='bbox 1472 5311 1607 5376; x_wconf 80' lang='lat' dir='ltr'>fratrum</span> <span class='ocrx_word' id='word_1_540' title='bbox 1637 5314 1703 5377; x_wconf 90' lang='lat' dir='ltr'>suis</span> <span class='ocrx_word' id='word_1_541' title='bbox 1733 5314 1844 5379; x_wconf 90' lang='lat' dir='ltr'>usibus</span> 
     </span>
     <span class='ocr_line' id='line_1_53' title="bbox 166 5401 1843 5488; baseline -0.002 -19"><span class='ocrx_word' id='word_1_542' title='bbox 166 5405 365 5488; x_wconf 87' lang='lat' dir='ltr'>mancipare,</span> <span class='ocrx_word' id='word_1_543' title='bbox 398 5414 455 5467; x_wconf 89' lang='lat' dir='ltr'>aut</span> <span class='ocrx_word' id='word_1_544' title='bbox 484 5403 517 5467; x_wconf 91' lang='lat' dir='ltr'>in</span> <span class='ocrx_word' id='word_1_545' title='bbox 549 5403 601 5467; x_wconf 86' lang='lat' dir='ltr'>his</span> <span class='ocrx_word' id='word_1_546' title='bbox 629 5422 687 5466; x_wconf 89' lang='lat' dir='ltr'>seu</span> <span class='ocrx_word' id='word_1_547' title='bbox 720 5401 753 5464; x_wconf 92' lang='lat' dir='ltr'>in</span> <span class='ocrx_word' id='word_1_548' title='bbox 783 5401 947 5484; x_wconf 89' lang='lat' dir='ltr'>aliquibus</span> <span class='ocrx_word' id='word_1_549' title='bbox 977 5403 1074 5466; x_wconf 91' lang='lat' dir='ltr'>rebus</span> <span class='ocrx_word' id='word_1_550' title='bbox 1106 5402 1209 5465; x_wconf 90' lang='lat' dir='ltr'>malas</span> <span class='ocrx_word' id='word_1_551' title='bbox 1241 5402 1493 5466; x_wconf 91' lang='lat' dir='ltr'>consuetudines</span> <span class='ocrx_word' id='word_1_552' title='bbox 1524 5422 1686 5480; x_wconf 89' lang='lat' dir='ltr'>revocare,</span> <span class='ocrx_word' id='word_1_553' title='bbox 1717 5404 1769 5467; x_wconf 90' lang='lat' dir='ltr'>vel</span> <span class='ocrx_word' id='word_1_554' title='bbox 1801 5403 1843 5466; x_wconf 91' lang='lat' dir='ltr'>ad</span> 
     </span>
    </p>
   </div>
   <div class='ocr_carea' id='block_1_7' title="bbox 165 5598 1843 5739">
    <p class='ocr_par' dir='ltr' id='par_1_7' title="bbox 165 5598 1843 5739">
     <span class='ocr_line' id='line_1_54' title="bbox 329 5598 1843 5666; baseline -0.001 -16"><span class='ocrx_word' id='word_1_555' title='bbox 329 5604 354 5665; x_wconf 83' lang='lat' dir='ltr'>t)</span> <span class='ocrx_word' id='word_1_556' title='bbox 373 5599 503 5659; x_wconf 79' lang='lat' dir='ltr'>Airardus,</span> <span class='ocrx_word' id='word_1_557' title='bbox 528 5598 633 5664; x_wconf 82' lang='lat' dir='ltr'>Bisckof</span> <span class='ocrx_word' id='word_1_558' title='bbox 646 5615 695 5649; x_wconf 84' lang='lat' dir='ltr'>von</span> <span class='ocrx_word' id='word_1_559' title='bbox 712 5599 811 5661; x_wconf 81' lang='lat' dir='ltr'>Names,</span> <span class='ocrx_word' id='word_1_560' title='bbox 832 5602 1016 5651; x_wconf 72' lang='lat' dir='ltr'>roro-1052.</span> <span class='ocrx_word' id='word_1_561' title='bbox 1108 5603 1135 5664; x_wconf 81' lang='lat'>2)</span> <span class='ocrx_word' id='word_1_562' title='bbox 1156 5599 1285 5660; x_wconf 73' lang='lat' dir='ltr'>Ouinium</span> <span class='ocrx_word' id='word_1_563' title='bbox 1298 5600 1333 5661; x_wconf 90' lang='lat' dir='ltr'>Il,</span> <span class='ocrx_word' id='word_1_564' title='bbox 1352 5599 1458 5666; x_wconf 73' lang='lat' dir='ltr'>Birthas</span> <span class='ocrx_word' id='word_1_565' title='bbox 1468 5615 1516 5648; x_wconf 84' lang='lat' dir='ltr'>von</span> <span class='ocrx_word' id='word_1_566' title='bbox 1534 5599 1634 5659; x_wconf 78' lang='lat' dir='ltr'>Nautes,</span> <span class='ocrx_word' id='word_1_567' title='bbox 1660 5600 1843 5649; x_wconf 79' lang='lat'><strong><em>1052-1079.</em></strong></span> 
     </span>
     <span class='ocr_line' id='line_1_55' title="bbox 165 5669 1760 5739; baseline -0.001 -15"><span class='ocrx_word' id='word_1_568' title='bbox 165 5680 192 5739; x_wconf 81' lang='lat'>3)</span> <span class='ocrx_word' id='word_1_569' title='bbox 213 5672 294 5724; x_wconf 80' lang='lat' dir='ltr'>Gur&#39;do</span> <span class='ocrx_word' id='word_1_570' title='bbox 308 5671 342 5722; x_wconf 88' lang='lat' dir='ltr'>II</span> <span class='ocrx_word' id='word_1_571' title='bbox 354 5671 443 5738; x_wconf 85' lang='lat' dir='ltr'>(Rr&#39;co),</span> <span class='ocrx_word' id='word_1_572' title='bbox 462 5670 567 5737; x_wconf 71' lang='lat' dir='ltr'>Birthas</span> <span class='ocrx_word' id='word_1_573' title='bbox 579 5687 627 5722; x_wconf 82' lang='lat' dir='ltr'>von</span> <span class='ocrx_word' id='word_1_574' title='bbox 647 5671 712 5734; x_wconf 76' lang='lat' dir='ltr'>lisa,</span> <span class='ocrx_word' id='word_1_575' title='bbox 735 5673 917 5724; x_wconf 77' lang='lat' dir='ltr'>root-1076.</span> <span class='ocrx_word' id='word_1_576' title='bbox 990 5674 1017 5738; x_wconf 87' lang='lat'>4)</span> <span class='ocrx_word' id='word_1_577' title='bbox 1036 5671 1135 5732; x_wconf 79' lang='lat' dir='ltr'>Rariur,</span> <span class='ocrx_word' id='word_1_578' title='bbox 1155 5671 1259 5738; x_wconf 73' lang='lat' dir='ltr'>Bisthof</span> <span class='ocrx_word' id='word_1_579' title='bbox 1270 5688 1319 5722; x_wconf 82' lang='lat' dir='ltr'>von</span> <span class='ocrx_word' id='word_1_580' title='bbox 1340 5669 1451 5733; x_wconf 81' lang='lat' dir='ltr'>Orle&#39;am,</span> <span class='ocrx_word' id='word_1_581' title='bbox 1469 5687 1489 5722; x_wconf 79' lang='lat' dir='ltr'>c.</span> <span class='ocrx_word' id='word_1_582' title='bbox 1511 5671 1760 5722; x_wconf 75' lang='lat' dir='ltr'>1070-c.108r.</span> 
     </span>
    </p>
   </div>
   <div class='ocr_carea' id='block_1_8' title="bbox 0 0 2011 6194">
    <p class='ocr_par' dir='ltr' id='par_1_8' title="bbox 0 0 2011 6194">
     <span class='ocr_line' id='line_1_56' title="bbox 0 0 2011 6194; baseline 0 0"><span class='ocrx_word' id='word_1_583' title='bbox 0 0 2011 6194; x_wconf 95' lang='lat' dir='ltr'> </span> 
     </span>
    </p>
   </div>
  </div>
 </body>
</html>
