3982 6194
153 108 194 178 et,
218 104 277 182 qui
300 103 332 167 in
356 104 521 169 suburbiis
544 112 627 182 sunt,
650 105 762 170 solitas
785 106 996 184 obedientias,
1018 107 1172 171 videlicet
1194 108 1236 171 ad
1260 107 1375 170 crisma
1391 105 1640 181 conficiendum,
1662 106 1827 188 baptisma

153 191 396 270 celebrandum,
427 195 459 258 in
482 194 620 273 letaniis
653 197 685 259 in
709 196 975 279 processionibus
998 198 1236 272 communibus,
1268 200 1300 260 in
1324 196 1554 259 festivitatibus
1578 204 1612 258 et
1634 195 1826 258 stationibus

157 282 284 345 maioris
316 284 455 371 ecclesie
487 286 595 349 eidem
620 286 811 369 impendant
834 285 980 374 ecclesie,
1010 295 1045 349 ut
1068 287 1238 350 vobiscum
1262 287 1379 350 adsint.
1426 287 1527 349 Porro
1552 287 1584 348 in
1608 286 1719 371 quinte
1746 283 1826 371 ferie

156 379 250 458 nocte
273 380 354 436 ante
376 372 500 456 pascha
523 373 611 437 nulla
634 375 772 438 ecclesia
791 375 970 439 secundum
988 394 1113 440 morem
1129 386 1236 439 vestre
1252 376 1387 461 ecclesie
1409 395 1584 457 campanas
1604 381 1698 437 sonet
1720 392 1826 452 neque

157 462 183 522 iu
205 460 351 525 sabbato
374 472 488 527 sancto
511 484 642 527 cereum
667 464 849 541 benedicat,
872 473 922 528 set
945 468 986 529 ad
1010 466 1210 549 baptismum
1236 466 1372 547 predicti
1395 464 1503 528 clerici
1527 484 1570 527 ex
1591 463 1827 527 consuetudine

158 551 296 613 veniant.
346 550 445 615 Nulla
484 561 632 634 preterea
664 553 873 617 ecclesiarum
909 556 1022 618 missas
1062 555 1259 637 sollempnes
1293 554 1435 617 celebret
1467 557 1500 616 in
1534 553 1706 616 festivitate
1737 550 1826 615 beati

159 638 287 702 Martini
304 649 339 703 et
358 642 461 705 sancti
477 642 593 725 Reguli
614 652 647 706 et
669 645 814 706 secunda
835 643 914 707 feria
929 643 1051 731 pasche
1068 652 1101 707 et
1117 647 1148 707 in
1164 644 1431 727 processionibus
1447 644 1705 726 quadragesime,
1722 642 1827 703 donec

159 730 305 791 stationis
327 729 495 794 solvantur
517 741 705 797 conventus.
751 730 866 796 Nullus
889 736 986 797 etiam
1011 734 1203 798 clericorum
1221 734 1363 798 officium
1379 735 1526 796 vivorum
1543 741 1599 795 aut
1614 739 1826 805 mortuorum,

160 818 195 881 ad
226 818 398 884 matricem
430 820 600 884 ecclesiam
630 823 805 905 pertinens,
838 822 947 885 facere
969 824 1021 887 vel
1052 824 1218 886 celebrare
1248 830 1423 905 presumat.
1469 822 1525 885 Ad
1556 820 1618 909 hec
1648 820 1826 884 adicientes

161 909 339 984 statuimus,
372 917 407 972 ut
429 910 557 998 decime
584 912 725 975 matricis
748 911 886 999 ecclesie
918 913 959 976 ab
990 911 1047 990 his,
1079 915 1134 995 qui
1157 913 1312 987 tribuunt,
1345 933 1411 975 non
1441 909 1642 985 fraudentur,
1675 917 1708 972 et
1739 908 1826 972 nulla

162 1016 209 1058 eas
239 996 401 1061 clericalis
431 1019 573 1082 persona
602 1000 761 1084 subripiat
791 1008 847 1064 aut
877 1002 1045 1066 diminuat.
1097 1001 1185 1065 Nulli
1216 1005 1314 1065 etiam
1348 1003 1506 1083 episcopo
1536 1000 1646 1075 liceat,
1684 998 1824 1078 aliquem

165 1088 300 1149 matricis
324 1087 460 1173 ecclesie
485 1091 676 1153 canonicum
700 1089 810 1153 officio
838 1111 895 1154 seu
925 1091 1088 1155 beneficio
1118 1093 1186 1154 sine
1216 1093 1374 1154 canonico
1406 1092 1534 1173 privare
1564 1089 1694 1152 iudicio.
1740 1085 1825 1150 Sane

166 1175 322 1240 caritativa
354 1178 503 1241 ciborum
536 1178 707 1255 beneficia,
745 1200 810 1259 que
841 1178 884 1243 ab
916 1182 1080 1263 episcopis
1111 1183 1242 1256 vestriS,
1277 1182 1347 1243 sive
1376 1187 1545 1262 presentes
1576 1181 1643 1241 sive
1674 1177 1826 1240 absentes

167 1264 280 1341 fuerint,
311 1267 364 1329 vel
387 1267 431 1330 ab
454 1267 524 1331 aliis
547 1267 670 1332 clericis
700 1270 742 1332 de
774 1271 904 1334 civitate
926 1270 1060 1334 Lucana
1090 1279 1123 1334 et
1152 1271 1219 1332 eius
1245 1269 1355 1352 burgis
1385 1271 1417 1332 in
1450 1267 1707 1332 sollemnioribus
1737 1265 1827 1329 festis

169 1357 370 1419 consuevistis
393 1357 550 1439 accipere,
573 1360 657 1421 sicut
680 1361 711 1421 in
727 1358 899 1423 refectorio
915 1359 1049 1423 fratrum
1065 1362 1168 1423 sancti
1185 1360 1336 1432 Fridiani,
1361 1379 1444 1440 quos
1461 1380 1526 1421 non
1544 1359 1649 1420 minus
1665 1355 1826 1435 aliquibus

114 1480 116 1487 ·
171 1444 303 1507 eiusdem
328 1445 464 1508 civitatis
487 1446 612 1511 clericis
636 1448 805 1530 religiosos
828 1449 898 1512 fore
921 1450 1091 1524 credimus,
1114 1457 1248 1512 actenus
1271 1450 1468 1529 suscepistis,
1492 1448 1537 1509 sic
1564 1456 1631 1509 tam
1655 1446 1685 1507 in
1712 1465 1827 1507 eorun-

114 1554 116 1573 =
173 1533 232 1595 dem
256 1533 392 1597 fratrum
416 1535 597 1613 refectori0‚
620 1558 718 1619 quam
743 1539 774 1600 in
799 1537 974 1601 refectorio
996 1541 1098 1602 sancti
1115 1539 1261 1601 Pontiani
1277 1547 1309 1601 et
1326 1537 1458 1601 aliarum
1476 1536 1684 1599 ecclesiarum
1702 1534 1825 1597 exiberi

174 1632 198 1683 et
214 1622 306 1686 vobis
329 1625 510 1707 vestrisque
533 1628 671 1708 posteris
695 1635 764 1690 rata
788 1629 984 1710 precipimus
1017 1636 1050 1690 et
1079 1628 1200 1691 illibata
1230 1629 1358 1691 servari.
1403 1629 1570 1701 Preterea‚
1601 1644 1826 1706 quascumque

174 1713 391 1793 possessiones,
414 1734 622 1795 quecumque
645 1716 733 1780 bona
757 1718 873 1780 eadem
897 1718 1034 1781 ecclesia
1050 1720 1082 1780 in
1100 1720 1333 1800 presentiarum
1350 1717 1432 1780 iuste
1448 1724 1481 1779 et
1496 1717 1653 1778 canonice
1669 1713 1825 1796 possidet,

174 1812 214 1863 aut
246 1801 277 1863 in
317 1802 460 1866 futurum
498 1805 708 1869 concessione
743 1807 951 1888 pontificum,
988 1807 1156 1889 largitione
1188 1827 1301 1889 regum
1332 1805 1382 1869 vel
1420 1807 1618 1887 principum,
1659 1802 1825 1866 oblatione

174 1889 302 1954 fidelium
333 1913 391 1955 seu
426 1893 494 1956 aliis
522 1894 613 1957 iustis
645 1895 753 1958 modis
783 1896 848 1959 deo
880 1897 1024 1979 propitio
1055 1898 1176 1978 poterit
1206 1897 1360 1979 adipisci,
1398 1894 1491 1957 firma
1521 1893 1614 1957 vobis
1644 1894 1825 1971 vestrisque

172 1981 398 2044 successoribus
429 1990 463 2045 et
494 1982 618 2047 illibata
649 1994 868 2067 permaneant.
921 1987 956 2048 In
988 1985 1105 2067 quibus
1143 1984 1204 2049 hec
1242 1986 1382 2068 propriis
1421 1983 1574 2047 duximus
1614 1981 1827 2064 exprimenda

172 2069 340 2133 vocabulis:
380 2070 544 2154 hospitale
573 2076 675 2136 sancti
707 2075 837 2138 Martini
869 2095 942 2138 cum
974 2075 1113 2138 ecclesia
1147 2077 1250 2138 sancti
1281 2073 1474 2148 Alexandri,
1515 2071 1686 2135 ecclesiam
1723 2073 1826 2133 sancti

170 2154 315 2241 Stephani
346 2160 389 2224 de
419 2170 529 2224 curtae
558 2164 661 2226 sancti
692 2162 837 2240 Martini,
869 2165 1039 2227 ecclesiam
1069 2167 1173 2227 sancti
1203 2162 1415 2238 Christofori,
1450 2161 1604 2242 quicquid
1634 2158 1764 2223 habetis
1795 2162 1826 2222 in

169 2248 294 2311 ccclesia
317 2250 420 2313 sancti
442 2249 529 2327 Iusti,
553 2251 722 2316 ecclesiam
745 2254 848 2317 sancti
871 2253 1016 2339 Thome;
1048 2262 1141 2316 extra
1172 2255 1336 2316 civitatem
1368 2251 1538 2315 ecclesiam
1561 2251 1604 2313 de
1620 2251 1826 2331 Massagrosi,

167 2337 328 2401 ecclesiam
351 2339 395 2402 de
418 2337 556 2416 Gualdo,
580 2341 753 2405 ecclesiam
778 2344 820 2406 de
843 2343 998 2418 Fabialla,
1022 2343 1194 2406 ecclesiam
1218 2345 1260 2406 de
1284 2341 1364 2405 valle
1388 2343 1562 2415 Prumaria,
1584 2347 1650 2402 tres
1675 2339 1826 2401 ecclesias

166 2427 199 2490 de
220 2427 517 2505 Massamacinaria,
549 2430 721 2494 ecclesiam
753 2433 795 2494 de
818 2431 945 2507 Villule,
975 2431 1144 2496 ecclesiam
1176 2434 1219 2495 de
1243 2431 1383 2507 Ciciana,
1414 2430 1585 2494 ecclesiam
1615 2430 1718 2491 sancti
1743 2426 1826 2490 Con-

164 2518 257 2579 cordii
281 2518 371 2580 iuxta
395 2517 558 2594 Arsinam,
589 2520 761 2584 ecclesiam
785 2522 886 2584 sancti
909 2523 994 2585 Petri
1017 2524 1060 2586 de
1084 2520 1222 2597 Octavo,
1253 2523 1422 2584 ecclesiam
1447 2522 1489 2583 de
1514 2518 1650 2583 Galleno
1674 2517 1705 2578 in
1729 2515 1827 2599 plebe

163 2606 198 2668 de
221 2605 369 2683 Cerret0,
398 2608 567 2671 ecclesiam
590 2619 702 2695 sancte
727 2611 827 2696 Marie
851 2612 893 2674 de
917 2608 1044 2687 Streda,
1076 2619 1109 2674 et
1132 2611 1304 2674 ecclesiam
1327 2612 1370 2672 de
1394 2609 1557 2687 Corliano,
1591 2606 1759 2670 ecclesiam
1783 2607 1826 2668 de

162 2693 301 2773 Nechia,
332 2697 505 2761 ecclesiam
537 2701 641 2762 sancti
664 2699 733 2763 Viti
764 2702 806 2763 de
829 2701 1028 2776 Piccioran0‚
1060 2708 1093 2764 et
1122 2701 1254 2782 plebem
1282 2700 1324 2762 de
1347 2697 1553 2781 Sugruminio
1577 2717 1651 2760 cum
1675 2695 1826 2759 omnibus

161 2784 289 2868 capellis
318 2788 401 2863 suis;
424 2789 502 2850 item
534 2789 565 2850 in
595 2790 727 2852 civitate
757 2789 926 2853 ecclesiam
958 2791 1060 2853 sancti
1084 2787 1264 2865 Anastasii,
1294 2791 1438 2852 decimas
1470 2788 1666 2861 reddituum,
1697 2786 1753 2866 qui
1783 2786 1826 2848 de

160 2877 288 2941 Lucana
320 2877 409 2940 curia
440 2878 600 2959 episcopo
632 2879 836 2961 proveniunt.
881 2877 1090 2962 Sepulturam
1122 2899 1255 2959 quoque
1286 2879 1385 2961 ipsius
1413 2877 1475 2940 loci
1498 2877 1631 2940 liberam
1657 2895 1728 2938 esse
1750 2895 1826 2937 con-

161 2969 313 3042 cedimus,
344 2971 380 3028 ut
403 2985 516 3029 eorum
540 2968 708 3031 devotioni
733 2976 766 3031 et
789 2976 935 3054 extreme
962 2967 1130 3044 voluntati,
1161 2971 1215 3048 qui
1246 2989 1282 3030 sc
1312 2968 1376 3031 illic
1407 2967 1537 3049 sepeliri
1568 2964 1826 3039 deliberaverint,

160 3059 213 3120 nisi
237 3057 325 3120 forte
349 3056 624 3120 excommunicati
647 3056 698 3120 vel
720 3057 882 3121 interdicti
905 3059 976 3133 sint,
1007 3057 1110 3120 nullus
1133 3057 1281 3120 obsistat.
1328 3058 1542 3119 Decernimus
1570 3075 1658 3136 ergo,
1689 3062 1725 3116 ut
1749 3052 1825 3116 nulli

160 3149 289 3211 omnino
320 3144 486 3208 hominum
517 3145 619 3221 liceat,
653 3146 813 3229 prefatam
852 3147 1024 3210 ecclesiam
1055 3195 1062 3208 .
1094 3195 1102 3208 .
1134 3195 1141 3208 .
1171 3147 1368 3210 omnimodis
1404 3144 1581 3228 profutura,
1617 3143 1707 3206 salva
1739 3143 1825 3205 sedis

160 3237 338 3323 apostolice
371 3236 573 3299 auctoritate.
627 3236 662 3299 Si
696 3255 760 3316 qua
793 3238 921 3318 igitur.
1010 3236 1139 3299 Cunctis
1169 3244 1279 3299 autem
1312 3286 1317 3299 .
1349 3284 1354 3298 .
1385 3284 1391 3297 .
1422 3235 1594 3298 inveniant.
1641 3230 1759 3295 Amen.
1783 3268 1826 3277 -

160 3325 244 3391 Am.
267 3325 389 3390 Amen.
413 3360 457 3369 -

368 3413 424 3494 (R)
447 3414 520 3496 Ego
544 3412 710 3476 Adrianus
732 3412 893 3502 catholice
917 3414 1052 3501 ecclesie
1075 3416 1251 3497 episcopus
1274 3436 1314 3477 ss
1338 3414 1400 3492 (M)

368 3503 485 3585 †'Ego
508 3503 648 3567 Ymarus
671 3502 873 3566 Tusculanus
895 3506 1071 3586 episcopus
1094 3524 1134 3565 ss.

368 3594 389 3671 †
413 3593 485 3675 Ego
509 3591 645 3656 Cencius
670 3591 856 3655 Portuensis
880 3602 913 3656 et
936 3601 1049 3656 sancte
1071 3592 1188 3656 Rufine
1211 3593 1385 3675 episcopus
1408 3613 1448 3654 ss.

368 3683 389 3763 †
412 3681 485 3763 Ego
510 3680 686 3764 Gregorius
710 3678 897 3745 Sabinensis
921 3685 1097 3765 episcopus
1120 3702 1162 3744 ss.
1187 3679 1255 3766 (10)

368 3771 509 3855 -Ego
533 3770 642 3834 Guido
666 3770 827 3852 presbiter
851 3772 1021 3835 cardinalis
1044 3773 1091 3834 tit.
1114 3775 1219 3835 sancti
1244 3770 1416 3853 Grisogoni
1440 3790 1480 3831 ss.

413 3860 486 3944 Ego
509 3858 681 3923 Hubaldus
704 3860 867 3943 presbiter
890 3860 1060 3924 cardinalis
1084 3862 1131 3923 tit.
1157 3869 1268 3946 sancte
1293 3859 1447 3924 Praxedis
1470 3879 1510 3920 ss.

413 3948 486 4033 Ego
511 3948 702 4013 Manfredus
726 3949 889 4031 presbiter
911 3950 1081 4013 cardinalis
1103 3950 1149 4012 tit.
1172 3957 1284 4035 sancte
1308 3947 1425 4035 Savine
1449 3969 1490 4011 ss.

413 4039 485 4122 Ego
509 4037 684 4102 Aribertus
707 4039 868 4121 presbiter
890 4040 1059 4102 cardinalis
1082 4041 1129 4102 tit.
1154 4048 1266 4124 sancte
1290 4038 1463 4122 Anastasie
1486 4058 1527 4100 ss.

413 4126 486 4210 Ego
509 4127 607 4191 Iulius
629 4127 792 4210 presbiter
814 4128 984 4192 cardinalis
1006 4131 1055 4193 tit.
1078 4129 1178 4191 sancti
1203 4128 1348 4192 Marcelli
1371 4150 1411 4191 ss.
1435 4124 1482 4211 (2)

413 4220 485 4301 Ego
510 4216 708 4281 Octavianus
732 4217 895 4299 presbiter
918 4218 1090 4281 cardinalis
1113 4220 1160 4281 tit.
1184 4226 1295 4302 sancte
1320 4218 1440 4306 Cecilie
1463 4237 1504 4278 ss.

368 4303 388 4388 i
412 4307 486 4389 Ego
510 4305 667 4370 Astaldus
690 4307 854 4389 presbiter
877 4307 1049 4370 cardinalis
1073 4309 1121 4370 tit.
1145 4315 1255 4392 sancte
1279 4309 1386 4393 Prisce
1410 4328 1451 4369 ss.
1474 4302 1520 4388 (3)

367 4393 389 4477 †
411 4398 485 4479 Ego
508 4395 668 4460 Iohannes
691 4395 854 4479 presbiter
877 4397 1047 4460 cardinalis
1070 4397 1116 4459 tit.
1140 4406 1326 4460 sanctorum
1350 4397 1495 4462 Silvestri
1520 4402 1553 4457 et
1576 4392 1706 4455 Martini
1729 4413 1769 4454 ss.

368 4519 412 4530 -
432 4488 453 4568 †
476 4484 549 4568 Ego
574 4483 676 4548 Oddo
699 4485 854 4550 diaconus
878 4486 1049 4549 cardinalis
1073 4489 1177 4550 sancti
1202 4485 1335 4567 Georgii
1367 4487 1409 4548 ad
1431 4483 1550 4550 Velum
1575 4503 1709 4545 aureum
1732 4502 1773 4543 ss.

367 4574 388 4658 'e
411 4576 483 4657 Ego
507 4575 668 4638 Rodulfus
690 4575 846 4638 diaconus
870 4576 1042 4639 cardinalis
1065 4584 1177 4660 sancte
1201 4575 1302 4660 Lucie
1325 4577 1358 4638 in
1381 4576 1484 4658 Septa
1506 4573 1583 4636 solis
1606 4591 1647 4633 ss.

367 4664 388 4747 †
410 4666 484 4747 Ego
509 4663 616 4727 Guido
640 4665 797 4727 diaconus
821 4665 990 4728 cardinalis
1013 4672 1125 4752 sancte
1150 4667 1252 4751 Marie
1276 4667 1307 4728 in
1330 4665 1458 4728 Porticu
1482 4683 1522 4724 ss.

368 4750 388 4835 'e
411 4753 484 4836 Ego
508 4752 669 4817 lohannes
692 4754 848 4816 diaconus
872 4754 1044 4818 cardinalis
1066 4764 1253 4817 sanctorum
1277 4752 1383 4836 Sergii
1405 4762 1439 4817 et
1461 4750 1561 4816 Bachi
1584 4771 1625 4813 ss.

367 4843 388 4923 †
410 4842 483 4926 Ego
507 4842 671 4906 Gerardus
694 4843 852 4906 diaconus
876 4843 1048 4907 cardinalis
1070 4853 1182 4927 sancte
1207 4843 1307 4931 Marie
1331 4846 1362 4906 in
1386 4845 1449 4906 Via
1471 4842 1537 4906 lata
1559 4861 1600 4902 ss.

367 4931 388 5013 †
410 4934 482 5016 Ego
507 4929 586 4995 Odo
608 4933 765 4996 diaconus
789 4932 959 4996 cardinalis
982 4934 1084 4997 sancti
1107 4932 1258 4996 Nicholai
1282 4934 1312 4995 in
1335 4952 1465 4996 carcere
1489 4930 1640 4993 Tulliano
1663 4949 1704 4990 ss.
1728 4924 1775 5012 (7)

313 5024 436 5086 Datum
467 5022 574 5085 Rome
606 5022 695 5105 apud
726 5028 873 5084 sanctum
907 5022 1053 5101 Petrum,
1089 5044 1147 5105 per
1179 5042 1309 5085 manum
1340 5022 1499 5097 Rolandi‚
1532 5028 1645 5104 sancte
1676 5018 1825 5103 Romane

163 5115 290 5201 ecclesie
315 5111 488 5195 presbiteri
512 5110 683 5175 cardinalis
713 5119 747 5173 et
770 5111 961 5175 cancellarii.
999 5127 1061 5176 xvl
1084 5111 1157 5175 Kal.
1182 5111 1267 5174 Maii.
1304 5113 1485 5175 indictione
1508 5125 1555 5174 111.
1592 5109 1826 5172 Incarnationis

161 5204 321 5290 dominice
344 5222 430 5267 anno
454 5212 559 5263 MCLV.
605 5199 815 5264 Pontificatus
839 5220 919 5265 vero
942 5202 1057 5266 domni
1080 5200 1217 5266 Adriani
1241 5204 1347 5284 quarti
1373 5201 1431 5264 ΡΡ.
1456 5221 1542 5264 anno
1567 5201 1684 5283 primo.
1711 5234 1750 5244 —

315 5317 359 5368 Or.
388 5316 454 5381 (BB.
472 5314 520 5369 Nr.
539 5319 567 5382 d)
594 5316 649 5366 und
668 5314 795 5380 Absrhm'ft
820 5315 860 5365 der
886 5317 1028 5368 Bullarr'um
1045 5317 1149 5382 p.13rr,
1178 5317 1211 5366 r'm
1233 5315 1348 5367 Archivr'o
1374 5316 1508 5382 Caprlolare
1533 5331 1563 5365 ru
1580 5316 1678 5375 [παίω
1704 5310 1828 5377 Abrchrr'fl

162 5390 186 5446 G.
205 5391 278 5445 VIII.
296 5390 350 5443 243
362 5396 391 5456 p.
410 5389 468 5450 120,
487 5387 531 5438 der
547 5387 611 5438 Br'bl.
633 5387 750 5455 chigiano
768 5403 797 5437 zu
813 5388 884 5438 Rom.

1867 5206 1952 5512 l
