3982 6194
1767 267 1824 334 19¹

312 444 391 510 Dat.
407 445 571 521 Laterani,
595 467 654 530 per
675 467 806 508 manum
824 443 971 521 Rolandi,
994 454 1106 508 sancte
1130 444 1279 507 Romane
1302 443 1437 507 ecclesie
1461 443 1631 525 presbiteri
1655 441 1828 504 cardinalis

152 544 184 596 et
203 536 396 599 cancellarii
429 538 504 600 ldus
517 536 641 619 Aprilis
672 536 852 598 indictione
870 551 914 598 Vl.
942 535 1041 598 Anno
1061 534 1287 597 incarnationis
1303 535 1427 595 domini
1446 544 1590 596 MCLvlll.
1620 530 1829 593 Pontificatus

153 644 227 686 vero
253 626 369 689 domni
395 625 532 689 Adriani
552 625 579 709 a)
604 646 689 707 pape
713 640 764 688 1111
788 646 873 687 anno
898 640 957 687 1111.

312 739 439 804 Abschrist
455 756 509 788 arom
530 744 561 789 ll
583 740 686 804 Jahrb,
706 741 745 788 des
764 740 835 788 liber
852 741 915 788 rlrlla
937 739 1085 788 (lerurllrriu
1108 738 1154 787 rl'r.
1174 742 1190 785 ⁸
1201 738 1251 801 sol.
1264 738 1304 795 3⁸2,
1324 735 1356 784 im
1376 736 1487 784 atratino
1505 735 1674 784 Arrivesnmile
1691 750 1720 783 au
1739 735 1828 783 chcca.

900 1025 966 1098 ΝΥ.
1000 1029 1085 1098 118.

162 1154 316 1219 Hadrian
345 1157 368 1218 I
375 1155 404 1218 V
425 1159 544 1220 ›iimmt
565 1155 618 1220 die
635 1156 908 1239 Kollrgiatl’irclre
927 1177 990 1219 von
1017 1156 1102 1219 Colle
1122 1156 1180 1237 (D.
1216 1153 1375 1238 Volterra)
1402 1155 1435 1216 in
1457 1148 1688 1238 apostolisclzert
1711 1154 1830 1219 Schuta

162 1245 219 1308 und
239 1243 397 1328 besliittgt
420 1248 491 1310 ihre
514 1247 750 1310 Besirzrlznmer
771 1246 843 1398 ingl
864 1245 1135 1398 §reterlilr’raivilizhi
1146 1245 1293 1412 p'j'r'larlicla
1312 1245 1417 1323 a‘roiils
1428 1243 1558 1307 Denare
1580 1268 1623 1308 au
1649 1245 1704 1307 die
1727 1243 1830 1308 Kurie

772 1443 856 1503 1158
871 1440 973 1523 April
985 1445 1035 1503 16.
1068 1442 1217 1503 Lateran.

316 1557 482 1620 Adrianus
498 1557 682 1639 episcopus,
705 1578 817 1620 servus
839 1577 1007 1619 servorum
1031 1557 1094 1632 dei,
1118 1556 1248 1619 dilectis
1271 1555 1343 1618 tiliis
1357 1557 1532 1638 Roggerio,
1557 1555 1829 1639 archipresbitero

168 1645 262 1728 plebis
281 1645 313 1729 b)
337 1647 381 1709 de
397 1645 483 1721 Elsa,
508 1650 642 1728 eiusque
659 1648 818 1722 fratribus,
843 1656 910 1709 tam
928 1646 1132 1727 presentibus
1150 1666 1248 1725 quam
1265 1647 1388 1721 futuris
1413 1646 1628 1708 communiter
1639 1648 1830 1721 viventibus,

170 1748 197 1796 ut
218 1748 295 1796 PPM.
320 1731 391 1819 -1
412 1734 572 1798 Effectum
598 1737 679 1798 iusta
707 1735 948 1819 postulantibus
978 1736 1163 1817 indulgere,
1195 1744 1228 1798 et
1251 1738 1343 1816 vigor
1374 1737 1528 1814 equitatis
1558 1745 1591 1797 et
1615 1737 1697 1798 ordo
1728 1739 1831 1818 exigit

118 1834 121 1861 ²
173 1825 307 1899 rationiS,
345 1828 516 1907 presertim
550 1826 683 1905 quando
715 1829 896 1908 petentium
930 1825 1131 1887 voluntatem
1163 1833 1196 1885 et
1227 1827 1332 1906 pietas
1363 1825 1497 1886 adiuvat
1529 1832 1561 1886 et
1586 1823 1590 1908 Ι
1615 1827 1733 1887 veritas
1764 1845 1830 1888 non

173 1914 318 1993 relinquit
374 1915 575 1997 Eapropter,
607 1914 716 1977 dilecti
747 1917 778 1977 in
810 1916 945 1976 domino
978 1915 1049 1988 filii,
1082 1916 1197 1976 vestris
1228 1915 1316 1975 iustis
1348 1914 1623 1994 postulationibus
1653 1914 1831 1977 clementer

175 2005 345 2077 annuimus,
382 2012 416 2065 et
448 2005 716 2085 predecessorum
748 2014 948 2078 nostrorum,
984 2004 1086 2066 felicis
1107 2004 1133 2086 0)
1167 2004 1322 2065 memorie
1353 2003 1516 2065 Paschalis
1547 2012 1647 2084 atque
1679 2002 1829 2079 GELASII,

177 2091 382 2154 Romanorum
414 2092 615 2175 pontificum,
649 2094 792 2175 vestigiis
815 2092 1008 2167 inherentes,
1037 2100 1177 2154 vestram
1207 2093 1295 2154 beati
1320 2092 1465 2154 Faustini
1489 2112 1545 2153 seu
1568 2091 1655 2155 beati
1677 2092 1829 2155 Iohannis

179 2181 341 2254 ecclesiam,
365 2184 397 2243 in
422 2202 486 2263 qua
509 2183 620 2244 divino
644 2183 818 2264 mancipati
842 2185 919 2244 estis
944 2182 1112 2261 obsequio,
1137 2202 1209 2243 cum
1235 2181 1331 2263 plebe
1355 2202 1420 2255 sua,
1446 2202 1509 2262 que
1533 2182 1575 2245 de
1599 2180 1675 2243 Elsa
1703 2183 1829 2257 dicitur,

180 2271 225 2332 sub
252 2270 342 2333 beati
374 2271 460 2333 Petri
484 2280 517 2334 et
543 2280 653 2334 nostra
685 2273 892 2353 protectione
923 2273 1114 2352 suscipimus
1147 2279 1180 2332 et
1209 2272 1367 2351 presentis
1398 2272 1509 2353 scripti
1540 2272 1711 2353 privilegio
1742 2292 1831 2334 com·

181 2359 329 2421 munimus
376 2356 485 2440 Quam
507 2360 658 2423 videlicet
678 2361 707 2445 d)
729 2362 899 2423 ecclesiam
924 2369 957 2423 et
981 2361 1112 2441 plebem
1137 2360 1317 2422 universam
1335 2381 1377 2422 ex
1392 2362 1515 2439 antiqui
1532 2363 1608 2422 iuris
1626 2361 1831 2442 possessione

181 2456 288 2510 constat
311 2451 574 2533 proprietariae)
598 2451 720 2512 ditione
742 2451 785 2512 ad
808 2451 921 2513 sedem
946 2449 1157 2530 apostolicam
1188 2458 1221 2510 et
1244 2449 1425 2512 Romanam
1457 2448 1628 2511 ecclesiam
1659 2452 1831 2531 pertinere.

181 2533 340 2599 Statuimus
359 2538 390 2622 s)
414 2540 533 2618 itaque,
558 2547 592 2601 ut
616 2559 826 2621 quascunque
850 2541 1082 2621 possessiones
1106 2558 1299 2619 quecunque
1320 2539 1408 2601 bona
1432 2541 1464 2600 in
1489 2545 1725 2620 presentiarum
1748 2541 1848 2602 iuste

181 2635 203 2687 et
220 2627 373 2689 canonice
397 2629 573 2709 possidetis
597 2638 653 2690 aut
669 2631 700 2691 in
725 2629 866 2691 futurum
883 2629 1094 2690 concessione
1118 2627 1315 2708 pontificum,
1340 2627 1510 2710 largitione
1533 2648 1645 2710 regum
1673 2628 1724 2690 vel
1749 2629 1831 2709 prin-

181 2717 281 2797 cipum,
297 2714 464 2778 oblatione
480 2716 624 2779 fidelium
642 2738 699 2780 seu
716 2716 901 2780 etiam'aliis
918 2719 1006 2780 iustis
1024 2718 1131 2779 modis
1148 2717 1212 2779 deo
1228 2714 1396 2800 (propitio)
1413 2717 1561 2798 poteritis
1578 2718 1722 2800 adipisci,
1739 2717 1832 2780 firma

179 2805 252 2867 vobis
274 2808 458 2885 vestrisque
480 2808 722 2869 successoribus
745 2816 779 2868 et
801 2807 925 2870 illibata
949 2814 1168 2888 permaneant.
1213 2807 1249 2868 In
1273 2807 1392 2886 quibus
1416 2806 1477 2868 hec
1506 2809 1648 2889 propriis
1679 2808 1832 2869 duximus

179 2895 379 2975 exprimenda
407 2894 592 2959 vocabulis:
626 2896 787 2978 capellam
816 2896 919 2958 sancti
950 2895 1153 2970 Michahelis,
1183 2898 1326 2977 positam
1357 2897 1446 2958 iuxta
1476 2894 1606 2958 fluvium
1630 2893 1725 2971 Unci,
1758 2916 1832 2959 cum

177 2984 361 3062 pertinentiis
383 2986 459 3058 suia,
490 2985 649 3067 capellam
679 2988 781 3048 sancti
806 2985 977 3059 Marcialis‚
1010 2987 1150 3066 positam
1181 2985 1212 3046 in
1243 2986 1348 3066 burgo
1372 2985 1448 3048 Else
1468 2983 1506 3069 g),
1530 3005 1603 3047 cum
1633 2986 1832 3067 pertinentiis

175 3073 233 3147 suis,
255 3071 417 3155 capellam
440 3082 553 3136 sancte
577 3075 689 3148 Marie,
718 3072 886 3158 posita(m)
909 3077 941 3136 in
965 3075 1083 3137 eodem
1109 3075 1222 3154 burg0,
1246 3094 1320 3136 cum
1345 3075 1547 3155 pertinentiis
1570 3076 1646 3149 suis,
1670 3075 1831 3157 capellam

174 3171 272 3224 sancte
296 3160 402 3225 Marie
425 3163 468 3225 de
484 3164 610 3246 Spongi
635 3185 707 3225 cum
733 3164 932 3246 pertinentiis
954 3165 1029 3237 suiS,
1054 3163 1212 3243 capellam
1236 3166 1337 3225 sancti
1355 3161 1533 3226 Salvatoris
1557 3164 1599 3226 de
1620 3163 1710 3226 Colle
1730 3166 1833 3227 veteri

173 3269 234 3313 cum
257 3252 464 3334 pertinentiis
493 3254 571 3327 suis,
603 3253 763 3334 capellam
787 3255 890 3315 sancti
923 3252 1049 3315 Nicolai
1081 3254 1123 3314 de
1155 3260 1261 3314 castro
1285 3252 1382 3315 Novo
1406 3254 1491 3314 colle
1524 3273 1598 3315 cum
1629 3255 1833 3336 pertinentiis

171 3342 234 3415 suis,
266 3339 427 3422 capellam
458 3344 562 3405 sancti
589 3341 686 3405 Blasii
716 3344 806 3404 iuxta
835 3344 1033 3405 territorium
1062 3341 1167 3422 plebis
1186 3340 1214 3425 h)
1246 3341 1349 3404 sancti
1371 3341 1497 3424 Ypoliti
1527 3362 1600 3404 cum
1633 3343 1834 3424 pertinentiis

170 3431 233 3503 suis,
261 3430 425 3511 capellam
448 3433 550 3493 sancti
574 3430 710 3494 Andree
737 3432 779 3494 de
803 3429 911 3494 Strata
935 3452 1009 3492 cum
1042 3433 1243 3513 pertinentiis
1273 3432 1346 3506 suis,
1378 3431 1535 3513 capellam
1565 3434 1668 3494 sancti
1691 3432 1833 3514 Philippi

118 3578 120 3583 .
169 3527 196 3580 et
216 3517 328 3581 Iacobi
358 3519 401 3582 de
433 3516 591 3600 Quartaio
623 3541 697 3583 cum
729 3521 926 3602 pertinentiis
956 3521 1036 3594 suis,
1071 3519 1231 3602 capellam
1262 3521 1363 3582 sancti
1386 3521 1463 3583 Iusti
1495 3521 1538 3583 de
1569 3522 1728 3584 Menzano
1759 3542 1833 3584 cum

168 3609 368 3689 pertinentiis
391 3610 472 3683 suis,
502 3610 658 3690 primitias
689 3619 722 3673 et
752 3612 896 3672 decimas
920 3610 1034 3691 populi
1067 3610 1109 3670 de
1133 3607 1282 3672 Senzano
1313 3619 1346 3672 et
1379 3611 1421 3673 de
1445 3609 1586 3673 Oliveto.
1633 3610 1834 3693 Precipimus

168 3717 249 3779 ergo,
266 3706 304 3760 ut
318 3698 435 3760 nemini
451 3698 605 3760 laicorum
622 3699 757 3762 facultas
772 3702 826 3774 sit,
845 3695 1012 3782 aliqualm)
1028 3698 1070 3760 de
1086 3697 1242 3780 cappellis
1258 3708 1313 3761 aut
1329 3699 1371 3761 de
1387 3700 1529 3774 decimis,
1553 3700 1595 3762 ad
1613 3702 1834 3781 supradictam

167 3787 297 3868 plebem
320 3787 567 3868 pertinentibus,
589 3789 620 3849 in
643 3789 774 3851 alterius
790 3789 928 3850 ecclesie
944 3788 1126 3849 dominium
1143 3788 1280 3849 tradere.
1318 3789 1394 3851 Tibi
1411 3798 1520 3851 autem
1537 3809 1574 3851 ac
1590 3789 1834 3853 successoribus

166 3879 232 3951 tuis,
265 3878 323 3956 qui
347 3896 406 3957 per
428 3877 569 3939 Romani
594 3878 758 3959 pontificis
782 3897 976 3939 consensum
1000 3879 1032 3938 in
1058 3877 1173 3939 eadem
1198 3875 1297 3958 plebe
1321 3878 1373 3940 vel
1405 3878 1539 3940 ecclesia
1573 3878 1834 3960 archipresbiteri

166 3965 288 4040 luerint,
311 3965 442 4028 debitas
466 3966 672 4029 obedientias
690 3966 719 4051 i)
742 3966 972 4029 confirmamus
996 3966 1038 4028 de
1062 3967 1214 4028 omnibus
1238 3966 1380 4048 capellis,
1404 3987 1467 4049 que
1491 3969 1665 4031 constitute
1688 3977 1762 4030 sunt
1783 3967 1835 4030 vel

166 4054 281 4117 luerint
304 4056 338 4117 in
362 4055 541 4137 parrochia,
575 4055 617 4118 ad
649 4056 871 4138 supradictam
904 4054 992 4117 beati
1017 4054 1157 4116 Faustini
1188 4055 1357 4118 ecclesiam
1390 4059 1583 4138 pertinente.
1629 4059 1714 4120 lntra
1745 4078 1835 4139 quaS,

165 4146 189 4206 si
211 4145 418 4227 oportunitas
448 4145 608 4227 exegerit,
639 4146 764 4225 absque
796 4146 1055 4208 contradictione
1087 4142 1255 4206 cuiuslibet
1286 4166 1388 4207 novas
1421 4145 1562 4228 capellas
1585 4146 1636 4209 vel
1666 4147 1835 4211 ecclesiam

166 4233 337 4296 edificandi
359 4234 456 4296 vobis
479 4234 641 4297 licentiam
667 4235 880 4316 indulgemus.
927 4232 1081 4296 Obeunte
1104 4254 1182 4296 vero
1206 4243 1247 4308 te,
1273 4256 1357 4297 nunc
1387 4237 1535 4298 eiusdem
1564 4235 1626 4298 loci
1658 4235 1836 4317 archipres-

165 4322 287 4396 bitero,
318 4322 424 4385 nullus
457 4325 489 4384 in
520 4325 636 4387 eadem
661 4324 797 4387 ecclesia
820 4322 966 4403 qualibet
988 4324 1199 4404 surreptionis
1231 4325 1346 4387 astutia
1369 4324 1420 4387 vel
1450 4325 1604 4388 violentia
1627 4335 1836 4408 preponatur,

167 4413 220 4475 nisi
245 4431 348 4492 quem
372 4412 518 4475 eiusdem
543 4413 678 4476 ecclesie
703 4413 811 4476 clerici
834 4413 894 4475 sibi
919 4432 1050 4494 preesse
1074 4413 1276 4494 providerint
1299 4423 1332 4476 et
1347 4415 1485 4477 Romani
1508 4414 1670 4496 pontificis
1686 4435 1837 4478 assensus

168 4500 363 4582 probaverit.
417 4499 559 4577 Crisma,
592 4503 700 4565 oleum
731 4511 894 4576 sanctum,
932 4502 1152 4564 ordinationes
1183 4503 1373 4565 clericorum
1407 4505 1449 4566 ab
1480 4505 1654 4585 episcopo,
1686 4504 1716 4565 in
1749 4505 1837 4567 cuius

168 4590 285 4653 diocesi
309 4591 395 4665 estis,
418 4593 601 4673 accipietis,
625 4593 785 4671 siquidem
810 4592 944 4673 gratiam
969 4603 1067 4671 atque
1092 4593 1352 4656 communionem
1373 4593 1554 4674 apostolice
1579 4594 1665 4655 sedis
1691 4593 1839 4657 habuerit

169 4689 197 4741 et
218 4700 258 4742 ea
282 4683 383 4761 gratis
406 4701 445 4743 ac
468 4683 537 4744 sine
561 4683 720 4762 pravitate
736 4680 892 4744 exhibere
915 4680 1062 4742 voluerit.
1102 4678 1258 4758 Alioquin
1279 4682 1373 4744 liceat
1389 4683 1491 4756 vobis,
1509 4682 1715 4758 catholicum,
1739 4702 1837 4763 quem

170 4769 350 4844 malueritis
376 4769 466 4832 adire
489 4770 674 4846 antistitem,
698 4780 731 4832 et
746 4771 788 4833 ab
812 4791 852 4833 eo
877 4769 1126 4831 consecrationis
1150 4780 1354 4833 sacramenta
1376 4773 1551 4854 suscipere,
1576 4775 1639 4853 qui,
1655 4773 1838 4853 apostolice

170 4858 250 4919 sedis
266 4857 369 4921 fultus
386 4861 589 4935 auctoritate,
605 4880 669 4940 que
690 4859 879 4941 postulatur,
896 4858 1070 4940 indulgeat.
1103 4857 1309 4940 Capellarum
1326 4881 1403 4923 vero
1420 4871 1452 4923 et
1469 4861 1583 4942 plebis,
1606 4862 1632 4922 si
1648 4863 1838 4944 oportuerit,

171 4950 371 5010 consecratio
400 4969 464 5011 non
489 4950 550 5010 nisi
583 4958 740 5031 precepto
764 4950 901 5011 Romani
936 4947 1100 5028 pontificis
1123 4945 1189 5010 fiat.
1234 4951 1434 5032 Precipimus
1458 4953 1574 5025 etiam,
1608 4971 1649 5013 ne
1681 4951 1838 5014 militibus

172 5033 268 5113 liceat,
297 5035 588 5118 parrochianorum
612 5048 795 5100 vestrorum
828 5039 974 5100 decimas
1004 5037 1067 5098 suis
1099 5037 1207 5099 usibus
1230 5039 1418 5114 vendicare,
1451 5041 1509 5103 sed
1543 5041 1633 5102 iuxta
1663 5044 1838 5103 canonicas

174 5128 349 5190 sanctiones
374 5128 406 5188 in
430 5129 479 5189 ius
495 5126 631 5190 ecclesie
656 5124 896 5210 coniera(n)tur.
927 5127 1028 5188 Porro
1052 5125 1250 5208 sepulturam
1275 5129 1418 5190 eiusdem
1443 5129 1506 5191 loci
1528 5128 1663 5191 liberam
1688 5150 1761 5193 esse
1784 5132 1838 5192 de-

176 5219 337 5291 cernimus,
365 5224 400 5277 ut
424 5235 547 5291 eorum,
577 5220 631 5297 qui
656 5238 692 5279 se
715 5217 779 5279 illic
802 5215 932 5296 sepeliri
955 5215 1212 5291 deliberaverint,
1245 5218 1410 5281 devotioni
1436 5227 1468 5281 et
1502 5227 1648 5280 extreme
1671 5218 1839 5295 voluntati,

176 5303 223 5365 nisi
246 5306 330 5368 sorte
362 5306 638 5368 excommunicati
669 5309 732 5368 sint
755 5306 807 5368 vel
838 5305 1013 5376 interdicti,
1047 5305 1152 5367 nullus
1184 5306 1331 5370 obsistat.
1384 5307 1466 5370 lllud
1498 5316 1608 5369 autem
1639 5311 1839 5372 omnimodis

179 5394 380 5472 prohibemus
403 5403 436 5457 et
460 5396 589 5478 penitus
612 5396 841 5470 interdicimus,
866 5414 907 5456 ne
931 5394 1120 5457 clericorum
1145 5415 1196 5457 res
1220 5405 1297 5477 post
1317 5416 1428 5459 eorum
1446 5398 1571 5460 obitum
1589 5397 1703 5478 aliquis
1720 5399 1839 5461 audeat

181 5498 386 5511 “----.-.--
395 5504 409 5509 .-
420 5503 495 5509 ——-
501 5504 505 5509 .

324 5542 350 5597 al
371 5503 606 5599 Alexandri—mli)
625 5535 716 5600 plebtis
788 5540 813 5595 c)
832 5537 876 5585 dor
893 5537 901 5584 l
919 5552 966 5584 ates
983 5535 1056 5584 ciuem
1075 5551 1088 5583 c
1104 5537 1205 5599 gebilde!
1276 5538 1302 5598 dr
1322 5539 1403 5601 Quam
1429 5539 1487 5587 vide
1505 5539 1550 5586 mit
1562 5554 1627 5603 gons
1645 5539 1749 5587 durrklcr
1766 5540 1840 5587 Dirrre

118 5622 120 5667 ς
179 5606 234 5656 nieht
248 5609 299 5673 aus
315 5611 401 5657 Ram
416 5607 570 5673 geschriebm,
590 5608 709 5657 todirend
724 5607 761 5655 die
778 5608 970 5671 lrbnscrr'ptdinle
984 5607 1084 5672 geliliclr
1103 5609 1181 5655 braun
1259 5616 1284 5665 e}
1303 5610 1335 5658 im
1360 5612 1383 5659 ie
1401 5611 1517 5673 korn'gr'rt
1605 5611 1631 5664 it
1650 5626 1696 5659 vor
1712 5610 1740 5660 St
1759 5613 1842 5659 Rarur

181 5682 200 5741 g]
216 5680 336 5730 emanire
353 5681 405 5745 auf
419 5683 504 5729 Rasur
573 5679 602 5746 h)
620 5696 665 5728 vor
681 5696 698 5743 p
717 5682 801 5728 li’asur
872 5681 891 5745 i)
911 5695 941 5728 en
958 5680 1010 5739 oris
1023 5681 1114 5729 lr'osur.
1150 5720 1180 5725 .-
1204 5686 1240 5748 .1)
1266 5682 1344 5745 ltvgl.
1363 5683 1399 5731 dir
1421 5683 1480 5731 o'rk.
1507 5698 1561 5730 arom
1581 5685 1596 5730 7
1616 5682 1744 5733 December
1763 5685 1838 5737 1153.
1879 5682 1964 5816 Ι
