<?xml version="1.0" encoding="UTF-8"?>
<!DOCTYPE html PUBLIC "-//W3C//DTD XHTML 1.0 Transitional//EN"
    "http://www.w3.org/TR/xhtml1/DTD/xhtml1-transitional.dtd">
<html xmlns="http://www.w3.org/1999/xhtml" xml:lang="en" lang="en">
 <head>
  <title>
</title>
<meta http-equiv="Content-Type" content="text/html;charset=utf-8" />
  <meta name='ocr-system' content='tesseract 3.04.00' />
  <meta name='ocr-capabilities' content='ocr_page ocr_carea ocr_par ocr_line ocrx_word'/>
</head>
<body>
  <div class='ocr_page' id='page_1' title='image "actapontificumr00papagoog_0109.png"; bbox 0 0 3982 6194; ppageno 0'>
   <div class='ocr_carea' id='block_1_1' title="bbox 148 250 197 328">
    <p class='ocr_par' dir='ltr' id='par_1_1' title="bbox 148 250 197 328">
     <span class='ocr_line' id='line_1_1' title="bbox 148 250 197 328; baseline 0 -17"><span class='ocrx_word' id='word_1_1' title='bbox 148 250 197 328; x_wconf 83' lang='lat'>98</span> 
     </span>
    </p>
   </div>
   <div class='ocr_carea' id='block_1_2' title="bbox 154 426 1838 604">
    <p class='ocr_par' dir='ltr' id='par_1_2' title="bbox 154 426 1838 604">
     <span class='ocr_line' id='line_1_2' title="bbox 154 426 1838 519; baseline -0.007 -21"><span class='ocrx_word' id='word_1_2' title='bbox 154 433 305 519; x_wconf 93' lang='lat' dir='ltr'>producti</span> <span class='ocrx_word' id='word_1_3' title='bbox 328 432 456 506; x_wconf 87' lang='lat' dir='ltr'>suerint,</span> <span class='ocrx_word' id='word_1_4' title='bbox 480 429 625 512; x_wconf 85' lang='lat' dir='ltr'>diligenti</span> <span class='ocrx_word' id='word_1_5' title='bbox 649 450 725 492; x_wconf 89' lang='lat' dir='ltr'>cura</span> <span class='ocrx_word' id='word_1_6' title='bbox 748 428 952 499; x_wconf 69' lang='lat' dir='ltr'>examinetis</span> <span class='ocrx_word' id='word_1_7' title='bbox 977 434 1010 488; x_wconf 89' lang='lat' dir='ltr'>et</span> <span class='ocrx_word' id='word_1_8' title='bbox 1033 433 1111 507; x_wconf 92' lang='lat' dir='ltr'>post</span> <span class='ocrx_word' id='word_1_9' title='bbox 1134 426 1323 507; x_wconf 84' lang='lat' dir='ltr'>diligentem</span> <span class='ocrx_word' id='word_1_10' title='bbox 1348 427 1631 501; x_wconf 87' lang='lat' dir='ltr'>examinationem,</span> <span class='ocrx_word' id='word_1_11' title='bbox 1654 428 1738 489; x_wconf 91' lang='lat' dir='ltr'>sicut</span> <span class='ocrx_word' id='word_1_12' title='bbox 1759 426 1838 487; x_wconf 90' lang='lat' dir='ltr'>iuris</span> 
     </span>
     <span class='ocr_line' id='line_1_3' title="bbox 155 514 1677 604; baseline -0.007 -17"><span class='ocrx_word' id='word_1_13' title='bbox 155 524 238 587; x_wconf 92' lang='lat' dir='ltr'>ordo</span> <span class='ocrx_word' id='word_1_14' title='bbox 263 523 424 604; x_wconf 87' lang='lat' dir='ltr'>deposcit,</span> <span class='ocrx_word' id='word_1_15' title='bbox 447 539 561 583; x_wconf 91' lang='lat' dir='ltr'>eorum</span> <span class='ocrx_word' id='word_1_16' title='bbox 585 520 812 583; x_wconf 86' lang='lat' dir='ltr'>attestationes</span> <span class='ocrx_word' id='word_1_17' title='bbox 837 516 1007 597; x_wconf 89' lang='lat' dir='ltr'>recipiatis.</span> <span class='ocrx_word' id='word_1_18' title='bbox 1032 550 1075 560; x_wconf 93' lang='lat'><em>-</em></span> <span class='ocrx_word' id='word_1_19' title='bbox 1099 517 1174 577; x_wconf 91' lang='lat' dir='ltr'>Dat.</span> <span class='ocrx_word' id='word_1_20' title='bbox 1199 514 1375 596; x_wconf 70' lang='lat' dir='ltr'>Ferenltini</span> <span class='ocrx_word' id='word_1_21' title='bbox 1396 517 1432 596; x_wconf 83' lang='lat' dir='ltr'>a),</span> <span class='ocrx_word' id='word_1_22' title='bbox 1456 515 1563 579; x_wconf 90' lang='lat' dir='ltr'>v1ld.</span> <span class='ocrx_word' id='word_1_23' title='bbox 1588 516 1677 579; x_wconf 91' lang='lat' dir='ltr'>Maii.</span> 
     </span>
    </p>
   </div>
   <div class='ocr_carea' id='block_1_3' title="bbox 149 630 1839 915">
    <p class='ocr_par' dir='ltr' id='par_1_3' title="bbox 317 630 1118 697">
     <span class='ocr_line' id='line_1_4' title="bbox 317 630 1118 697; baseline -0.007 -13"><span class='ocrx_word' id='word_1_24' title='bbox 317 635 359 684; x_wconf 80' lang='lat' dir='ltr'>Oe.</span> <span class='ocrx_word' id='word_1_25' title='bbox 378 635 411 684; x_wconf 79' lang='lat' dir='ltr'>im</span> <span class='ocrx_word' id='word_1_26' title='bbox 430 634 544 684; x_wconf 75' lang='lat' dir='ltr'>Arciieie</span> <span class='ocrx_word' id='word_1_27' title='bbox 565 633 698 697; x_wconf 77' lang='lat' dir='ltr'>Capr&#39;lelare</span> <span class='ocrx_word' id='word_1_28' title='bbox 715 633 743 681; x_wconf 86' lang='lat' dir='ltr'>di</span> <span class='ocrx_word' id='word_1_29' title='bbox 759 633 785 682; x_wconf 87' lang='lat' dir='ltr'>S.</span> <span class='ocrx_word' id='word_1_30' title='bbox 802 630 923 681; x_wconf 67' lang='lat' dir='ltr'>Amerino</span> <span class='ocrx_word' id='word_1_31' title='bbox 941 645 970 678; x_wconf 81' lang='lat' dir='ltr'>eu</span> <span class='ocrx_word' id='word_1_32' title='bbox 990 630 1118 680; x_wconf 78' lang='lat' dir='ltr'>Piaeenea.</span> 
     </span>
    </p>

    <p class='ocr_par' dir='ltr' id='par_1_4' title="bbox 149 699 1839 915">
     <span class='ocr_line' id='line_1_5' title="bbox 316 699 1837 772; baseline -0.007 -16"><span class='ocrx_word' id='word_1_33' title='bbox 316 707 385 772; x_wconf 82' lang='lat' dir='ltr'>Perg.</span> <span class='ocrx_word' id='word_1_34' title='bbox 403 707 464 765; x_wconf 79' lang='lat' dir='ltr'>r&#39;taL,</span> <span class='ocrx_word' id='word_1_35' title='bbox 492 706 529 755; x_wconf 82' lang='lat' dir='ltr'>br.</span> <span class='ocrx_word' id='word_1_36' title='bbox 548 705 633 764; x_wconf 76' lang='lat'>0,185,</span> <span class='ocrx_word' id='word_1_37' title='bbox 660 706 721 770; x_wconf 82' lang='lat' dir='ltr'>lang</span> <span class='ocrx_word' id='word_1_38' title='bbox 744 706 828 763; x_wconf 73' lang='lat' dir='ltr'>O,145,</span> <span class='ocrx_word' id='word_1_39' title='bbox 856 709 930 750; x_wconf 79' lang='lat' dir='ltr'>urelen</span> <span class='ocrx_word' id='word_1_40' title='bbox 949 703 1027 760; x_wconf 83' lang='lat'><em>0‚016</em></span> <span class='ocrx_word' id='word_1_41' title='bbox 1050 701 1243 767; x_wconf 79' lang='lat' dir='ltr'>nnrgesclrlagen,</span> <span class='ocrx_word' id='word_1_42' title='bbox 1272 700 1349 749; x_wconf 73' lang='lat' dir='ltr'>durch</span> <span class='ocrx_word' id='word_1_43' title='bbox 1367 705 1384 752; x_wconf 78' lang='lat'><em>2</em></span> <span class='ocrx_word' id='word_1_44' title='bbox 1403 701 1495 751; x_wconf 71' lang='lat' dir='ltr'>Licker</span> <span class='ocrx_word' id='word_1_45' title='bbox 1514 699 1572 766; x_wconf 78' lang='lat' dir='ltr'>geht</span> <span class='ocrx_word' id='word_1_46' title='bbox 1597 701 1635 749; x_wconf 83' lang='lat' dir='ltr'>die</span> <span class='ocrx_word' id='word_1_47' title='bbox 1661 699 1837 766; x_wconf 69' lang='lat' dir='ltr'>Hansschemr,</span> 
     </span>
     <span class='ocr_line' id='line_1_6' title="bbox 149 771 1839 843; baseline -0.004 -17"><span class='ocrx_word' id='word_1_48' title='bbox 149 793 239 827; x_wconf 42' lang='lat' dir='ltr'>‘waren</span> <span class='ocrx_word' id='word_1_49' title='bbox 263 778 309 826; x_wconf 82' lang='lat' dir='ltr'>das</span> <span class='ocrx_word' id='word_1_50' title='bbox 332 779 457 843; x_wconf 77' lang='lat' dir='ltr'>Bler&#39;riegel</span> <span class='ocrx_word' id='word_1_51' title='bbox 471 777 518 827; x_wconf 86' lang='lat' dir='ltr'>Nr.</span> <span class='ocrx_word' id='word_1_52' title='bbox 538 777 555 825; x_wconf 87' lang='grc'><em>3</em></span> <span class='ocrx_word' id='word_1_53' title='bbox 573 775 656 840; x_wconf 70' lang='lat' dir='ltr'>ltingt,</span> <span class='ocrx_word' id='word_1_54' title='bbox 681 776 790 840; x_wconf 76' lang='lat' dir='ltr'>Faltnng</span> <span class='ocrx_word' id='word_1_55' title='bbox 812 774 855 823; x_wconf 82' lang='lat' dir='ltr'>der</span> <span class='ocrx_word' id='word_1_56' title='bbox 872 774 974 822; x_wconf 82' lang='lat' dir='ltr'>Breven.</span> <span class='ocrx_word' id='word_1_57' title='bbox 1011 773 1107 838; x_wconf 71' lang='lat' dir='ltr'>Seirrfl</span> <span class='ocrx_word' id='word_1_58' title='bbox 1128 773 1196 820; x_wconf 81' lang='lat' dir='ltr'>stark</span> <span class='ocrx_word' id='word_1_59' title='bbox 1219 771 1365 835; x_wconf 81' lang='lat' dir='ltr'>verblr&#39;clren,</span> <span class='ocrx_word' id='word_1_60' title='bbox 1389 774 1449 822; x_wconf 81' lang='lat' dir='ltr'>olene</span> <span class='ocrx_word' id='word_1_61' title='bbox 1476 772 1562 822; x_wconf 84' lang='lat' dir='ltr'>Lim‘en</span> <span class='ocrx_word' id='word_1_62' title='bbox 1587 771 1745 838; x_wconf 79' lang='lat' dir='ltr'>eingetragm.</span> <span class='ocrx_word' id='word_1_63' title='bbox 1783 773 1839 821; x_wconf 85' lang='lat' dir='ltr'>Alle</span> 
     </span>
     <span class='ocr_line' id='line_1_7' title="bbox 154 845 934 915; baseline -0.01 -16"><span class='ocrx_word' id='word_1_64' title='bbox 154 852 171 900; x_wconf 90' lang='lat'><strong><em>3</em></strong></span> <span class='ocrx_word' id='word_1_65' title='bbox 190 851 284 898; x_wconf 81' lang='lat' dir='ltr'>Breeen</span> <span class='ocrx_word' id='word_1_66' title='bbox 301 850 409 898; x_wconf 84' lang='lat' dir='ltr'>scieinen</span> <span class='ocrx_word' id='word_1_67' title='bbox 426 865 480 898; x_wconf 84' lang='lat' dir='ltr'>vom</span> <span class='ocrx_word' id='word_1_68' title='bbox 495 847 602 915; x_wconf 78' lang='lat' dir='ltr'>gleicien</span> <span class='ocrx_word' id='word_1_69' title='bbox 622 847 746 896; x_wconf 77' lang='lat' dir='ltr'>Schreiber</span> <span class='ocrx_word' id='word_1_70' title='bbox 762 845 934 895; x_wconf 72' lang='lat' dir='ltr'>hermerilrme.</span> 
     </span>
    </p>
   </div>
   <div class='ocr_carea' id='block_1_4' title="bbox 908 1128 1069 1203">
    <p class='ocr_par' dir='ltr' id='par_1_5' title="bbox 908 1128 1069 1203">
     <span class='ocr_line' id='line_1_8' title="bbox 908 1128 1069 1203; baseline -0.006 -1"><span class='ocrx_word' id='word_1_71' title='bbox 908 1128 975 1202; x_wconf 87' lang='lat' dir='ltr'>Nr.</span> <span class='ocrx_word' id='word_1_72' title='bbox 1007 1132 1069 1203; x_wconf 86' lang='grc'>96.</span> 
     </span>
    </p>
   </div>
   <div class='ocr_carea' id='block_1_5' title="bbox 152 1210 1838 1522">
    <p class='ocr_par' dir='ltr' id='par_1_6' title="bbox 152 1210 1838 1522">
     <span class='ocr_line' id='line_1_9' title="bbox 155 1210 1838 1349; baseline -0.004 -22"><span class='ocrx_word' id='word_1_73' title='bbox 155 1265 268 1349; x_wconf 78' lang='lat' dir='ltr'>Eugen</span> <span class='ocrx_word' id='word_1_74' title='bbox 293 1262 359 1326; x_wconf 90' lang='lat' dir='ltr'>III</span> <span class='ocrx_word' id='word_1_75' title='bbox 382 1263 568 1344; x_wconf 82' lang='lat' dir='ltr'>beaustragt</span> <span class='ocrx_word' id='word_1_76' title='bbox 594 1261 656 1324; x_wconf 83' lang='lat' dir='ltr'>den</span> <span class='ocrx_word' id='word_1_77' title='bbox 678 1259 954 1339; x_wconf 73' lang='lat' dir='ltr'>Archideizkonen,</span> <span class='ocrx_word' id='word_1_78' title='bbox 986 1260 1048 1323; x_wconf 87' lang='lat' dir='ltr'>den</span> <span class='ocrx_word' id='word_1_79' title='bbox 1078 1260 1197 1342; x_wconf 80' lang='lat' dir='ltr'>Propst</span> <span class='ocrx_word' id='word_1_80' title='bbox 1225 1210 1299 1321; x_wconf 37' lang='lat' dir='ltr'>und·</span> <span class='ocrx_word' id='word_1_81' title='bbox 1324 1256 1544 1322; x_wconf 75' lang='lat' dir='ltr'>tle&#39;cedominus</span> <span class='ocrx_word' id='word_1_82' title='bbox 1574 1280 1634 1322; x_wconf 84' lang='lat' dir='ltr'>von</span> <span class='ocrx_word' id='word_1_83' title='bbox 1658 1259 1838 1334; x_wconf 80' lang='lat' dir='ltr'>Piacenea,</span> 
     </span>
     <span class='ocr_line' id='line_1_10' title="bbox 152 1346 1838 1431; baseline -0.005 -13"><span class='ocrx_word' id='word_1_84' title='bbox 152 1355 215 1418; x_wconf 84' lang='lat' dir='ltr'>den</span> <span class='ocrx_word' id='word_1_85' title='bbox 256 1351 553 1431; x_wconf 81' lang='lat' dir='ltr'>Kardinalbiselzos</span> <span class='ocrx_word' id='word_1_86' title='bbox 578 1349 685 1413; x_wconf 84' lang='lat' dir='ltr'>Guido</span> <span class='ocrx_word' id='word_1_87' title='bbox 720 1371 783 1413; x_wconf 85' lang='lat' dir='ltr'>von</span> <span class='ocrx_word' id='word_1_88' title='bbox 819 1347 911 1414; x_wconf 81' lang='lat' dir='ltr'><em>Ostia</em></span> <span class='ocrx_word' id='word_1_89' title='bbox 949 1349 1001 1412; x_wconf 87' lang='lat' dir='ltr'>bei</span> <span class='ocrx_word' id='word_1_90' title='bbox 1031 1348 1275 1429; x_wconf 81' lang='lat' dir='ltr'>Entselzeidung</span> <span class='ocrx_word' id='word_1_91' title='bbox 1303 1347 1366 1410; x_wconf 85' lang='lat' dir='ltr'>der</span> <span class='ocrx_word' id='word_1_92' title='bbox 1395 1346 1592 1411; x_wconf 82' lang='lat' dir='ltr'>Streitsaclee</span> <span class='ocrx_word' id='word_1_93' title='bbox 1627 1369 1740 1431; x_wconf 84' lang='lat' dir='ltr'>wegen</span> <span class='ocrx_word' id='word_1_94' title='bbox 1781 1348 1838 1411; x_wconf 84' lang='lat' dir='ltr'>des</span> 
     </span>
     <span class='ocr_line' id='line_1_11' title="bbox 233 1434 1793 1522; baseline -0.003 -17"><span class='ocrx_word' id='word_1_95' title='bbox 233 1441 331 1505; x_wconf 84' lang='lat' dir='ltr'>Gutes</span> <span class='ocrx_word' id='word_1_96' title='bbox 355 1440 515 1522; x_wconf 83' lang='lat' dir='ltr'>Brugneto</span> <span class='ocrx_word' id='word_1_97' title='bbox 537 1438 695 1502; x_wconf 83' lang='lat' dir='ltr'>eventuell</span> <span class='ocrx_word' id='word_1_98' title='bbox 714 1460 754 1502; x_wconf 85' lang='lat' dir='ltr'>eu</span> <span class='ocrx_word' id='word_1_99' title='bbox 777 1440 994 1502; x_wconf 79' lang='lat' dir='ltr'>unterstr&#39;e&#39;teen</span> <span class='ocrx_word' id='word_1_100' title='bbox 1017 1437 1089 1500; x_wconf 82' lang='lat' dir='ltr'>und</span> <span class='ocrx_word' id='word_1_101' title='bbox 1108 1438 1222 1500; x_wconf 84' lang='lat' dir='ltr'>dessen</span> <span class='ocrx_word' id='word_1_102' title='bbox 1252 1434 1382 1499; x_wconf 83' lang='lat' dir='ltr'>Urtlzer&#39;l</span> <span class='ocrx_word' id='word_1_103' title='bbox 1400 1438 1551 1517; x_wconf 81' lang='lat' dir='ltr'>aufreelzt</span> <span class='ocrx_word' id='word_1_104' title='bbox 1572 1458 1612 1500; x_wconf 81' lang='lat' dir='ltr'>eu</span> <span class='ocrx_word' id='word_1_105' title='bbox 1634 1437 1760 1501; x_wconf 77' lang='lat' dir='ltr'>holten.</span> <span class='ocrx_word' id='word_1_106' title='bbox 1791 1463 1793 1467; x_wconf 46' lang='lat'><strong>¹</strong></span> 
     </span>
    </p>
   </div>
   <div class='ocr_carea' id='block_1_6' title="bbox 768 1550 1214 1617">
    <p class='ocr_par' dir='ltr' id='par_1_7' title="bbox 768 1550 1214 1617">
     <span class='ocr_line' id='line_1_12' title="bbox 768 1550 1214 1617; baseline -0.007 -1"><span class='ocrx_word' id='word_1_107' title='bbox 768 1557 850 1616; x_wconf 81' lang='grc'><em>1149</em></span> <span class='ocrx_word' id='word_1_108' title='bbox 866 1553 943 1617; x_wconf 80' lang='lat' dir='ltr'>Mai</span> <span class='ocrx_word' id='word_1_109' title='bbox 957 1557 1006 1616; x_wconf 83' lang='lat'>10.</span> <span class='ocrx_word' id='word_1_110' title='bbox 1037 1550 1214 1615; x_wconf 72' lang='lat' dir='ltr'>Ferentino.</span> 
     </span>
    </p>
   </div>
   <div class='ocr_carea' id='block_1_7' title="bbox 153 1664 1838 2822">
    <p class='ocr_par' dir='ltr' id='par_1_8' title="bbox 153 1664 1838 2822">
     <span class='ocr_line' id='line_1_13' title="bbox 315 1664 1835 1754; baseline -0.001 -20"><span class='ocrx_word' id='word_1_111' title='bbox 315 1672 480 1752; x_wconf 81' lang='lat' dir='ltr'>Eugenius</span> <span class='ocrx_word' id='word_1_112' title='bbox 504 1672 687 1754; x_wconf 89' lang='lat' dir='ltr'>episcopus,</span> <span class='ocrx_word' id='word_1_113' title='bbox 716 1690 830 1734; x_wconf 91' lang='lat' dir='ltr'>servus</span> <span class='ocrx_word' id='word_1_114' title='bbox 853 1688 1021 1732; x_wconf 91' lang='lat' dir='ltr'>servorum</span> <span class='ocrx_word' id='word_1_115' title='bbox 1049 1668 1112 1741; x_wconf 87' lang='lat' dir='ltr'>dei,</span> <span class='ocrx_word' id='word_1_116' title='bbox 1143 1668 1272 1730; x_wconf 89' lang='lat' dir='ltr'>dilectis</span> <span class='ocrx_word' id='word_1_117' title='bbox 1295 1668 1368 1731; x_wconf 87' lang='lat' dir='ltr'>filiis</span> <span class='ocrx_word' id='word_1_118' title='bbox 1391 1664 1569 1751; x_wconf 82' lang='lat' dir='ltr'>T(edaldo)</span> <span class='ocrx_word' id='word_1_119' title='bbox 1600 1667 1835 1732; x_wconf 90' lang='lat' dir='ltr'>archidiacono</span> 
     </span>
     <span class='ocr_line' id='line_1_14' title="bbox 153 1755 1836 1842; baseline -0.001 -19"><span class='ocrx_word' id='word_1_120' title='bbox 153 1760 367 1842; x_wconf 81' lang='lat' dir='ltr'>.F(rederico)</span> <span class='ocrx_word' id='word_1_121' title='bbox 395 1761 565 1842; x_wconf 91' lang='lat' dir='ltr'>preposito</span> <span class='ocrx_word' id='word_1_122' title='bbox 596 1770 629 1822; x_wconf 93' lang='lat' dir='ltr'>et</span> <span class='ocrx_word' id='word_1_123' title='bbox 654 1759 805 1838; x_wconf 88' lang='lat' dir='ltr'>.M(arco)</span> <span class='ocrx_word' id='word_1_124' title='bbox 835 1759 1043 1821; x_wconf 90' lang='lat' dir='ltr'>vicedomino</span> <span class='ocrx_word' id='word_1_125' title='bbox 1075 1755 1214 1820; x_wconf 86' lang='lat' dir='ltr'>ecclesie</span> <span class='ocrx_word' id='word_1_126' title='bbox 1247 1755 1444 1841; x_wconf 82' lang='lat' dir='ltr'>Plalcentine</span> <span class='ocrx_word' id='word_1_127' title='bbox 1474 1755 1611 1820; x_wconf 91' lang='lat' dir='ltr'>salutem</span> <span class='ocrx_word' id='word_1_128' title='bbox 1631 1757 1661 1837; x_wconf 86' lang='lat' dir='ltr'>b)</span> <span class='ocrx_word' id='word_1_129' title='bbox 1692 1766 1729 1820; x_wconf 88' lang='lat' dir='ltr'>et</span> <span class='ocrx_word' id='word_1_130' title='bbox 1759 1778 1836 1840; x_wconf 91' lang='lat' dir='ltr'>apo·</span> 
     </span>
     <span class='ocr_line' id='line_1_15' title="bbox 154 1844 1834 1928; baseline -0.002 -16"><span class='ocrx_word' id='word_1_131' title='bbox 154 1849 304 1912; x_wconf 89' lang='lat' dir='ltr'>stolicam</span> <span class='ocrx_word' id='word_1_132' title='bbox 329 1849 604 1911; x_wconf 85' lang='lat' dir='ltr'>benedictionem.</span> <span class='ocrx_word' id='word_1_133' title='bbox 649 1849 732 1912; x_wconf 86' lang='lat' dir='ltr'>Tres</span> <span class='ocrx_word' id='word_1_134' title='bbox 756 1848 798 1911; x_wconf 90' lang='lat' dir='ltr'>de</span> <span class='ocrx_word' id='word_1_135' title='bbox 821 1848 985 1910; x_wconf 88' lang='lat' dir='ltr'>canonicis</span> <span class='ocrx_word' id='word_1_136' title='bbox 1008 1845 1146 1908; x_wconf 87' lang='lat' dir='ltr'>ecclesie</span> <span class='ocrx_word' id='word_1_137' title='bbox 1176 1848 1279 1908; x_wconf 91' lang='lat' dir='ltr'>sancti</span> <span class='ocrx_word' id='word_1_138' title='bbox 1307 1844 1466 1907; x_wconf 87' lang='lat' dir='ltr'>Antonini</span> <span class='ocrx_word' id='word_1_139' title='bbox 1498 1865 1542 1909; x_wconf 88' lang='lat' dir='ltr'>ex</span> <span class='ocrx_word' id='word_1_140' title='bbox 1569 1855 1664 1928; x_wconf 89' lang='lat' dir='ltr'>parte</span> <span class='ocrx_word' id='word_1_141' title='bbox 1687 1849 1834 1910; x_wconf 87' lang='lat' dir='ltr'>omnium</span> 
     </span>
     <span class='ocr_line' id='line_1_16' title="bbox 155 1934 1834 2021; baseline -0.002 -21"><span class='ocrx_word' id='word_1_142' title='bbox 155 1939 292 2001; x_wconf 81' lang='lat' dir='ltr'>fratrum</span> <span class='ocrx_word' id='word_1_143' title='bbox 320 1958 453 2000; x_wconf 88' lang='lat' dir='ltr'>suorum</span> <span class='ocrx_word' id='word_1_144' title='bbox 484 1935 488 2021; x_wconf 92' lang='grc' dir='ltr'>Ι</span> <span class='ocrx_word' id='word_1_145' title='bbox 518 1939 560 1999; x_wconf 91' lang='lat' dir='ltr'>ad</span> <span class='ocrx_word' id='word_1_146' title='bbox 591 1947 735 2000; x_wconf 90' lang='lat' dir='ltr'>nostram</span> <span class='ocrx_word' id='word_1_147' title='bbox 768 1939 965 2020; x_wconf 88' lang='lat' dir='ltr'>presentiam</span> <span class='ocrx_word' id='word_1_148' title='bbox 995 1937 1180 2008; x_wconf 77' lang='lat' dir='ltr'>venienteS,</span> <span class='ocrx_word' id='word_1_149' title='bbox 1217 1935 1248 1996; x_wconf 91' lang='lat' dir='ltr'>in</span> <span class='ocrx_word' id='word_1_150' title='bbox 1279 1943 1457 2016; x_wconf 91' lang='lat' dir='ltr'>conspectu</span> <span class='ocrx_word' id='word_1_151' title='bbox 1488 1943 1602 1998; x_wconf 88' lang='lat' dir='ltr'>nostro</span> <span class='ocrx_word' id='word_1_152' title='bbox 1633 1943 1667 1997; x_wconf 96' lang='lat' dir='ltr'>et</span> <span class='ocrx_word' id='word_1_153' title='bbox 1699 1934 1834 1999; x_wconf 81' lang='lat' dir='ltr'>fratrum</span> 
     </span>
     <span class='ocr_line' id='line_1_17' title="bbox 155 2023 1834 2105; baseline -0.002 -15"><span class='ocrx_word' id='word_1_154' title='bbox 155 2035 341 2090; x_wconf 90' lang='lat' dir='ltr'>nostrorum</span> <span class='ocrx_word' id='word_1_155' title='bbox 365 2029 537 2105; x_wconf 88' lang='lat' dir='ltr'>conquesti</span> <span class='ocrx_word' id='word_1_156' title='bbox 568 2036 651 2102; x_wconf 92' lang='lat' dir='ltr'>sunt,</span> <span class='ocrx_word' id='word_1_157' title='bbox 682 2027 772 2105; x_wconf 93' lang='lat' dir='ltr'>quod</span> <span class='ocrx_word' id='word_1_158' title='bbox 796 2026 886 2089; x_wconf 91' lang='lat' dir='ltr'>bone</span> <span class='ocrx_word' id='word_1_159' title='bbox 915 2025 1071 2088; x_wconf 87' lang='lat' dir='ltr'>memorie</span> <span class='ocrx_word' id='word_1_160' title='bbox 1118 2023 1330 2102; x_wconf 87' lang='lat' dir='ltr'>.A(rduinus),</span> <span class='ocrx_word' id='word_1_161' title='bbox 1363 2025 1538 2105; x_wconf 89' lang='lat' dir='ltr'>episcopus</span> <span class='ocrx_word' id='word_1_162' title='bbox 1561 2032 1684 2098; x_wconf 89' lang='lat' dir='ltr'>vester,</span> <span class='ocrx_word' id='word_1_163' title='bbox 1716 2035 1834 2087; x_wconf 90' lang='lat' dir='ltr'>terram</span> 
     </span>
     <span class='ocr_line' id='line_1_18' title="bbox 154 2113 1835 2197; baseline -0.001 -19"><span class='ocrx_word' id='word_1_164' title='bbox 154 2117 198 2178; x_wconf 91' lang='lat' dir='ltr'>de</span> <span class='ocrx_word' id='word_1_165' title='bbox 221 2118 399 2197; x_wconf 85' lang='lat' dir='ltr'>Brugneto,</span> <span class='ocrx_word' id='word_1_166' title='bbox 430 2134 529 2194; x_wconf 88' lang='lat' dir='ltr'>quam</span> <span class='ocrx_word' id='word_1_167' title='bbox 552 2116 595 2177; x_wconf 90' lang='lat' dir='ltr'>ad</span> <span class='ocrx_word' id='word_1_168' title='bbox 618 2118 667 2178; x_wconf 92' lang='lat' dir='ltr'>ius</span> <span class='ocrx_word' id='word_1_169' title='bbox 692 2115 830 2178; x_wconf 88' lang='lat' dir='ltr'>ecclesie</span> <span class='ocrx_word' id='word_1_170' title='bbox 852 2134 911 2176; x_wconf 90' lang='lat' dir='ltr'>sue</span> <span class='ocrx_word' id='word_1_171' title='bbox 933 2121 1083 2176; x_wconf 90' lang='lat' dir='ltr'>asserunt</span> <span class='ocrx_word' id='word_1_172' title='bbox 1106 2114 1278 2194; x_wconf 90' lang='lat' dir='ltr'>pertinere,</span> <span class='ocrx_word' id='word_1_173' title='bbox 1311 2113 1354 2175; x_wconf 91' lang='lat' dir='ltr'>de</span> <span class='ocrx_word' id='word_1_174' title='bbox 1385 2132 1450 2192; x_wconf 88' lang='lat' dir='ltr'>qua</span> <span class='ocrx_word' id='word_1_175' title='bbox 1484 2113 1672 2175; x_wconf 89' lang='lat' dir='ltr'>multotiens</span> <span class='ocrx_word' id='word_1_176' title='bbox 1706 2116 1835 2192; x_wconf 89' lang='lat' dir='ltr'>questio</span> 
     </span>
     <span class='ocr_line' id='line_1_19' title="bbox 154 2201 1836 2282; baseline -0.001 -15"><span class='ocrx_word' id='word_1_177' title='bbox 154 2204 311 2267; x_wconf 86' lang='lat' dir='ltr'>ventilata</span> <span class='ocrx_word' id='word_1_178' title='bbox 334 2212 392 2277; x_wconf 92' lang='lat' dir='ltr'>est,</span> <span class='ocrx_word' id='word_1_179' title='bbox 424 2211 538 2266; x_wconf 90' lang='lat' dir='ltr'>contra</span> <span class='ocrx_word' id='word_1_180' title='bbox 561 2206 715 2267; x_wconf 86' lang='lat' dir='ltr'>iustitiam</span> <span class='ocrx_word' id='word_1_181' title='bbox 738 2205 921 2278; x_wconf 89' lang='lat' dir='ltr'>detinuerit,</span> <span class='ocrx_word' id='word_1_182' title='bbox 952 2211 986 2266; x_wconf 93' lang='lat' dir='ltr'>et</span> <span class='ocrx_word' id='word_1_183' title='bbox 1015 2203 1136 2264; x_wconf 88' lang='lat' dir='ltr'>exinde</span> <span class='ocrx_word' id='word_1_184' title='bbox 1160 2204 1320 2264; x_wconf 90' lang='lat' dir='ltr'>rationem</span> <span class='ocrx_word' id='word_1_185' title='bbox 1345 2204 1502 2280; x_wconf 88' lang='lat' dir='ltr'>consequi</span> <span class='ocrx_word' id='word_1_186' title='bbox 1530 2209 1605 2265; x_wconf 91' lang='lat' dir='ltr'>ante</span> <span class='ocrx_word' id='word_1_187' title='bbox 1628 2201 1691 2265; x_wconf 86' lang='lat' dir='ltr'>hac</span> <span class='ocrx_word' id='word_1_188' title='bbox 1715 2222 1836 2282; x_wconf 91' lang='lat' dir='ltr'>nequa-</span> 
     </span>
     <span class='ocr_line' id='line_1_20' title="bbox 154 2289 1835 2374; baseline -0.001 -19"><span class='ocrx_word' id='word_1_189' title='bbox 154 2313 255 2373; x_wconf 90' lang='lat' dir='ltr'>quam</span> <span class='ocrx_word' id='word_1_190' title='bbox 279 2292 453 2374; x_wconf 89' lang='lat' dir='ltr'>potuerint.</span> <span class='ocrx_word' id='word_1_191' title='bbox 500 2289 584 2372; x_wconf 80' lang='lat' dir='ltr'>Quia</span> <span class='ocrx_word' id='word_1_192' title='bbox 614 2313 702 2374; x_wconf 86' lang='lat' dir='ltr'>ergo,</span> <span class='ocrx_word' id='word_1_193' title='bbox 733 2294 765 2355; x_wconf 92' lang='lat' dir='ltr'>in</span> <span class='ocrx_word' id='word_1_194' title='bbox 796 2294 876 2356; x_wconf 91' lang='lat' dir='ltr'>sede</span> <span class='ocrx_word' id='word_1_195' title='bbox 906 2292 1025 2354; x_wconf 90' lang='lat' dir='ltr'>iustitie</span> <span class='ocrx_word' id='word_1_196' title='bbox 1059 2291 1166 2372; x_wconf 90' lang='lat' dir='ltr'>positi,</span> <span class='ocrx_word' id='word_1_197' title='bbox 1199 2290 1351 2353; x_wconf 91' lang='lat' dir='ltr'>omnibus</span> <span class='ocrx_word' id='word_1_198' title='bbox 1385 2289 1528 2352; x_wconf 89' lang='lat' dir='ltr'>ecclesiis</span> <span class='ocrx_word' id='word_1_199' title='bbox 1559 2298 1593 2353; x_wconf 91' lang='lat' dir='ltr'>et</span> <span class='ocrx_word' id='word_1_200' title='bbox 1625 2290 1835 2354; x_wconf 90' lang='lat' dir='ltr'>ecclesiarum</span> 
     </span>
     <span class='ocr_line' id='line_1_21' title="bbox 156 2378 1835 2464; baseline -0.002 -20"><span class='ocrx_word' id='word_1_201' title='bbox 156 2382 289 2464; x_wconf 89' lang='lat' dir='ltr'>prelatis</span> <span class='ocrx_word' id='word_1_202' title='bbox 313 2382 345 2443; x_wconf 93' lang='lat' dir='ltr'>in</span> <span class='ocrx_word' id='word_1_203' title='bbox 377 2400 438 2443; x_wconf 92' lang='lat' dir='ltr'>suo</span> <span class='ocrx_word' id='word_1_204' title='bbox 469 2383 539 2444; x_wconf 93' lang='lat' dir='ltr'>iure</span> <span class='ocrx_word' id='word_1_205' title='bbox 569 2381 737 2444; x_wconf 90' lang='lat' dir='ltr'>debitores</span> <span class='ocrx_word' id='word_1_206' title='bbox 769 2382 948 2456; x_wconf 86' lang='lat' dir='ltr'>existimus,</span> <span class='ocrx_word' id='word_1_207' title='bbox 980 2379 1238 2441; x_wconf 90' lang='lat' dir='ltr'>controversiam</span> <span class='ocrx_word' id='word_1_208' title='bbox 1268 2380 1372 2462; x_wconf 85' lang='lat' dir='ltr'>ipsam</span> <span class='ocrx_word' id='word_1_209' title='bbox 1401 2378 1575 2443; x_wconf 88' lang='lat' dir='ltr'>venerabili</span> <span class='ocrx_word' id='word_1_210' title='bbox 1605 2379 1696 2442; x_wconf 82' lang='lat' dir='ltr'>fratri</span> <span class='ocrx_word' id='word_1_211' title='bbox 1724 2389 1835 2443; x_wconf 88' lang='lat' dir='ltr'>nostro</span> 
     </span>
     <span class='ocr_line' id='line_1_22' title="bbox 155 2467 1837 2553; baseline -0.001 -20"><span class='ocrx_word' id='word_1_212' title='bbox 155 2469 344 2549; x_wconf 87' lang='lat' dir='ltr'>.G(uidoni),</span> <span class='ocrx_word' id='word_1_213' title='bbox 368 2468 535 2532; x_wconf 89' lang='lat' dir='ltr'>Hostiensi</span> <span class='ocrx_word' id='word_1_214' title='bbox 552 2472 722 2553; x_wconf 91' lang='lat' dir='ltr'>episcopo,</span> <span class='ocrx_word' id='word_1_215' title='bbox 746 2470 929 2553; x_wconf 90' lang='lat' dir='ltr'>apostolice</span> <span class='ocrx_word' id='word_1_216' title='bbox 952 2469 1038 2532; x_wconf 90' lang='lat' dir='ltr'>sedis</span> <span class='ocrx_word' id='word_1_217' title='bbox 1062 2467 1181 2549; x_wconf 85' lang='lat' dir='ltr'>legato,</span> <span class='ocrx_word' id='word_1_218' title='bbox 1205 2468 1401 2530; x_wconf 90' lang='lat' dir='ltr'>audiendam</span> <span class='ocrx_word' id='word_1_219' title='bbox 1425 2469 1732 2551; x_wconf 86' lang='lat' dir='ltr'>terminandamque</span> <span class='ocrx_word' id='word_1_220' title='bbox 1748 2489 1837 2532; x_wconf 92' lang='lat' dir='ltr'>com·</span> 
     </span>
     <span class='ocr_line' id='line_1_23' title="bbox 156 2557 1837 2641; baseline 0.001 -20"><span class='ocrx_word' id='word_1_221' title='bbox 156 2561 310 2622; x_wconf 90' lang='lat' dir='ltr'>misimus.</span> <span class='ocrx_word' id='word_1_222' title='bbox 356 2559 418 2621; x_wconf 92' lang='lat' dir='ltr'>Per</span> <span class='ocrx_word' id='word_1_223' title='bbox 441 2559 603 2639; x_wconf 89' lang='lat' dir='ltr'>presentia</span> <span class='ocrx_word' id='word_1_224' title='bbox 625 2561 782 2641; x_wconf 85' lang='lat' dir='ltr'>itaquec)</span> <span class='ocrx_word' id='word_1_225' title='bbox 805 2559 947 2638; x_wconf 80' lang='lat' dir='ltr'>vobisc)</span> <span class='ocrx_word' id='word_1_226' title='bbox 977 2559 1099 2638; x_wconf 88' lang='lat' dir='ltr'>scripta</span> <span class='ocrx_word' id='word_1_227' title='bbox 1124 2557 1325 2632; x_wconf 90' lang='lat' dir='ltr'>mandamus,</span> <span class='ocrx_word' id='word_1_228' title='bbox 1356 2559 1516 2634; x_wconf 84' lang='lat' dir='ltr'>quatinus,</span> <span class='ocrx_word' id='word_1_229' title='bbox 1545 2577 1620 2620; x_wconf 91' lang='lat' dir='ltr'>curn</span> <span class='ocrx_word' id='word_1_230' title='bbox 1644 2558 1687 2620; x_wconf 90' lang='lat' dir='ltr'>ab</span> <span class='ocrx_word' id='word_1_231' title='bbox 1716 2560 1837 2622; x_wconf 89' lang='lat' dir='ltr'>eodem</span> 
     </span>
     <span class='ocr_line' id='line_1_24' title="bbox 154 2645 1838 2730; baseline 0 -20"><span class='ocrx_word' id='word_1_232' title='bbox 154 2648 255 2711; x_wconf 80' lang='lat' dir='ltr'>fratre</span> <span class='ocrx_word' id='word_1_233' title='bbox 279 2655 392 2710; x_wconf 91' lang='lat' dir='ltr'>nostro</span> <span class='ocrx_word' id='word_1_234' title='bbox 417 2666 516 2728; x_wconf 92' lang='lat' dir='ltr'>super</span> <span class='ocrx_word' id='word_1_235' title='bbox 546 2668 642 2711; x_wconf 90' lang='lat' dir='ltr'>causa</span> <span class='ocrx_word' id='word_1_236' title='bbox 674 2651 745 2730; x_wconf 87' lang='lat' dir='ltr'>ipsa</span> <span class='ocrx_word' id='word_1_237' title='bbox 777 2648 900 2711; x_wconf 89' lang='lat' dir='ltr'>fueritis</span> <span class='ocrx_word' id='word_1_238' title='bbox 932 2646 1067 2720; x_wconf 89' lang='lat' dir='ltr'>evocati,</span> <span class='ocrx_word' id='word_1_239' title='bbox 1097 2646 1164 2707; x_wconf 93' lang='lat' dir='ltr'>eius</span> <span class='ocrx_word' id='word_1_240' title='bbox 1188 2645 1384 2727; x_wconf 87' lang='lat' dir='ltr'>presentiam</span> <span class='ocrx_word' id='word_1_241' title='bbox 1408 2645 1534 2708; x_wconf 90' lang='lat' dir='ltr'>adeatis</span> <span class='ocrx_word' id='word_1_242' title='bbox 1567 2655 1608 2720; x_wconf 93' lang='lat' dir='ltr'>et,</span> <span class='ocrx_word' id='word_1_243' title='bbox 1641 2649 1734 2726; x_wconf 91' lang='lat' dir='ltr'>quod</span> <span class='ocrx_word' id='word_1_244' title='bbox 1766 2650 1838 2730; x_wconf 90' lang='lat' dir='ltr'>ipse</span> 
     </span>
     <span class='ocr_line' id='line_1_25' title="bbox 156 2734 1699 2822; baseline -0.002 -21"><span class='ocrx_word' id='word_1_245' title='bbox 156 2738 276 2818; x_wconf 87' lang='lat' dir='ltr'>exinde</span> <span class='ocrx_word' id='word_1_246' title='bbox 300 2736 498 2811; x_wconf 90' lang='lat' dir='ltr'>iudicaverit,</span> <span class='ocrx_word' id='word_1_247' title='bbox 522 2739 718 2822; x_wconf 71' lang='lat' dir='ltr'>suscipiatlis</span> <span class='ocrx_word' id='word_1_248' title='bbox 742 2739 862 2819; x_wconf 89' lang='lat' dir='ltr'>pariter</span> <span class='ocrx_word' id='word_1_249' title='bbox 884 2745 917 2800; x_wconf 94' lang='lat' dir='ltr'>et</span> <span class='ocrx_word' id='word_1_250' title='bbox 940 2735 1086 2798; x_wconf 88' lang='lat' dir='ltr'>servetis.</span> <span class='ocrx_word' id='word_1_251' title='bbox 1110 2770 1153 2781; x_wconf 90' lang='lat'>-</span> <span class='ocrx_word' id='word_1_252' title='bbox 1177 2734 1253 2796; x_wconf 89' lang='lat' dir='ltr'>Dat.</span> <span class='ocrx_word' id='word_1_253' title='bbox 1278 2734 1454 2810; x_wconf 87' lang='lat' dir='ltr'>Ferentini,</span> <span class='ocrx_word' id='word_1_254' title='bbox 1477 2750 1514 2798; x_wconf 80' lang='lat' dir='ltr'>VI</span> <span class='ocrx_word' id='word_1_255' title='bbox 1537 2734 1585 2797; x_wconf 92' lang='lat' dir='ltr'>ld.</span> <span class='ocrx_word' id='word_1_256' title='bbox 1609 2734 1699 2798; x_wconf 92' lang='lat' dir='ltr'>Maii.</span> 
     </span>
    </p>
   </div>
   <div class='ocr_carea' id='block_1_8' title="bbox 155 2849 1840 3059">
    <p class='ocr_par' dir='ltr' id='par_1_9' title="bbox 155 2849 1840 3059">
     <span class='ocr_line' id='line_1_26' title="bbox 318 2849 1122 2912; baseline -0.002 -14"><span class='ocrx_word' id='word_1_257' title='bbox 318 2850 361 2898; x_wconf 83' lang='lat' dir='ltr'>Or.</span> <span class='ocrx_word' id='word_1_258' title='bbox 380 2850 413 2897; x_wconf 87' lang='lat' dir='ltr'>im</span> <span class='ocrx_word' id='word_1_259' title='bbox 430 2849 545 2899; x_wconf 75' lang='lat' dir='ltr'>Arenivio</span> <span class='ocrx_word' id='word_1_260' title='bbox 567 2850 701 2912; x_wconf 78' lang='lat' dir='ltr'>Capitolare</span> <span class='ocrx_word' id='word_1_261' title='bbox 718 2851 745 2899; x_wconf 83' lang='lat' dir='ltr'>di</span> <span class='ocrx_word' id='word_1_262' title='bbox 762 2851 789 2900; x_wconf 89' lang='lat' dir='ltr'>S.</span> <span class='ocrx_word' id='word_1_263' title='bbox 808 2850 929 2899; x_wconf 78' lang='lat' dir='ltr'>Antonino</span> <span class='ocrx_word' id='word_1_264' title='bbox 946 2866 976 2898; x_wconf 82' lang='lat' dir='ltr'>ru</span> <span class='ocrx_word' id='word_1_265' title='bbox 996 2849 1122 2898; x_wconf 68' lang='lat' dir='ltr'>Procmea.</span> 
     </span>
     <span class='ocr_line' id='line_1_27' title="bbox 317 2918 1840 2987; baseline 0 -17"><span class='ocrx_word' id='word_1_266' title='bbox 317 2921 387 2987; x_wconf 82' lang='lat' dir='ltr'>Prrg.</span> <span class='ocrx_word' id='word_1_267' title='bbox 413 2921 474 2982; x_wconf 71' lang='lat' dir='ltr'>itae,</span> <span class='ocrx_word' id='word_1_268' title='bbox 499 2923 535 2970; x_wconf 79' lang='lat' dir='ltr'>br.</span> <span class='ocrx_word' id='word_1_269' title='bbox 554 2923 740 2983; x_wconf 81' lang='lat'>0,135-0,14,</span> <span class='ocrx_word' id='word_1_270' title='bbox 766 2924 827 2986; x_wconf 82' lang='lat' dir='ltr'>lang</span> <span class='ocrx_word' id='word_1_271' title='bbox 844 2923 931 2983; x_wconf 84' lang='lat'>0,099,</span> <span class='ocrx_word' id='word_1_272' title='bbox 956 2927 1030 2970; x_wconf 79' lang='lat' dir='ltr'>unten</span> <span class='ocrx_word' id='word_1_273' title='bbox 1049 2921 1129 2979; x_wconf 78' lang='lat' dir='ltr'>0,0l3</span> <span class='ocrx_word' id='word_1_274' title='bbox 1151 2918 1340 2985; x_wconf 82' lang='lat' dir='ltr'>umgeschlagen,</span> <span class='ocrx_word' id='word_1_275' title='bbox 1365 2919 1443 2968; x_wconf 80' lang='lat' dir='ltr'>durch</span> <span class='ocrx_word' id='word_1_276' title='bbox 1461 2923 1477 2969; x_wconf 78' lang='lat'><em>2</em></span> <span class='ocrx_word' id='word_1_277' title='bbox 1498 2920 1591 2969; x_wconf 68' lang='lat' dir='ltr'>Lecta</span> <span class='ocrx_word' id='word_1_278' title='bbox 1610 2920 1668 2986; x_wconf 72' lang='lat' dir='ltr'>geli!</span> <span class='ocrx_word' id='word_1_279' title='bbox 1691 2921 1730 2970; x_wconf 82' lang='lat' dir='ltr'>die</span> <span class='ocrx_word' id='word_1_280' title='bbox 1752 2921 1840 2987; x_wconf 82' lang='lat' dir='ltr'>Hans·</span> 
     </span>
     <span class='ocr_line' id='line_1_28' title="bbox 155 2990 1838 3059; baseline 0.001 -18"><span class='ocrx_word' id='word_1_281' title='bbox 155 2993 253 3051; x_wconf 67' lang='lat' dir='ltr'>seltener,</span> <span class='ocrx_word' id='word_1_282' title='bbox 272 3008 358 3041; x_wconf 81' lang='lat' dir='ltr'>weron</span> <span class='ocrx_word' id='word_1_283' title='bbox 375 2992 421 3040; x_wconf 81' lang='lat' dir='ltr'>das</span> <span class='ocrx_word' id='word_1_284' title='bbox 438 2993 563 3059; x_wconf 82' lang='lat' dir='ltr'>Bleisr&#39;egel</span> <span class='ocrx_word' id='word_1_285' title='bbox 577 2992 625 3042; x_wconf 84' lang='lat' dir='ltr'>Nr.</span> <span class='ocrx_word' id='word_1_286' title='bbox 644 2993 661 3042; x_wconf 87' lang='grc'><strong><em>3</em></strong></span> <span class='ocrx_word' id='word_1_287' title='bbox 677 2993 760 3056; x_wconf 66' lang='lat' dir='ltr'>hange.</span> <span class='ocrx_word' id='word_1_288' title='bbox 798 2993 907 3058; x_wconf 80' lang='lat' dir='ltr'>Faltreng</span> <span class='ocrx_word' id='word_1_289' title='bbox 924 2993 967 3042; x_wconf 85' lang='lat' dir='ltr'>der</span> <span class='ocrx_word' id='word_1_290' title='bbox 986 2993 1088 3043; x_wconf 82' lang='lat' dir='ltr'>Breven.</span> <span class='ocrx_word' id='word_1_291' title='bbox 1125 2991 1221 3055; x_wconf 78' lang='lat' dir='ltr'>Scins!</span> <span class='ocrx_word' id='word_1_292' title='bbox 1236 2991 1304 3039; x_wconf 81' lang='lat' dir='ltr'>stark</span> <span class='ocrx_word' id='word_1_293' title='bbox 1328 2990 1473 3049; x_wconf 81' lang='lat' dir='ltr'>nerblicien,</span> <span class='ocrx_word' id='word_1_294' title='bbox 1498 2991 1556 3041; x_wconf 77' lang='lat' dir='ltr'>ohne</span> <span class='ocrx_word' id='word_1_295' title='bbox 1573 2991 1661 3041; x_wconf 84' lang='lat' dir='ltr'>Lim&#39;en</span> <span class='ocrx_word' id='word_1_296' title='bbox 1676 2991 1838 3058; x_wconf 74' lang='lat' dir='ltr'>gescin&#39;eben.</span> 
     </span>
    </p>
   </div>
   <div class='ocr_carea' id='block_1_9' title="bbox 915 3301 1075 3377">
    <p class='ocr_par' dir='ltr' id='par_1_10' title="bbox 915 3301 1075 3377">
     <span class='ocr_line' id='line_1_29' title="bbox 915 3301 1075 3377; baseline -0.006 -1"><span class='ocrx_word' id='word_1_297' title='bbox 915 3301 982 3376; x_wconf 87' lang='lat' dir='ltr'>Nr.</span> <span class='ocrx_word' id='word_1_298' title='bbox 1014 3305 1075 3377; x_wconf 83' lang='lat'>97.</span> 
     </span>
    </p>
   </div>
   <div class='ocr_carea' id='block_1_10' title="bbox 155 3432 1838 3600">
    <p class='ocr_par' dir='ltr' id='par_1_11' title="bbox 155 3432 1838 3600">
     <span class='ocr_line' id='line_1_30' title="bbox 155 3432 1838 3586; baseline 0 -88"><span class='ocrx_word' id='word_1_299' title='bbox 155 3434 269 3518; x_wconf 80' lang='lat' dir='ltr'>Eugen</span> <span class='ocrx_word' id='word_1_300' title='bbox 297 3434 362 3497; x_wconf 92' lang='lat' dir='ltr'>III</span> <span class='ocrx_word' id='word_1_301' title='bbox 383 3434 534 3516; x_wconf 72' lang='lat' dir='ltr'>beslc&#39;e&#39;tigt</span> <span class='ocrx_word' id='word_1_302' title='bbox 558 3433 631 3496; x_wconf 83' lang='lat' dir='ltr'>dem</span> <span class='ocrx_word' id='word_1_303' title='bbox 657 3432 997 3586; x_wconf 50' lang='lat' dir='ltr'>Kanonikerkenreente</span> <span class='ocrx_word' id='word_1_304' title='bbox 1027 3455 1087 3562; x_wconf 64' lang='lat' dir='ltr'>ven</span> <span class='ocrx_word' id='word_1_305' title='bbox 1118 3435 1221 3497; x_wconf 76' lang='lat' dir='ltr'>Lucra</span> <span class='ocrx_word' id='word_1_306' title='bbox 1250 3435 1338 3497; x_wconf 80' lang='lat' dir='ltr'>scine</span> <span class='ocrx_word' id='word_1_307' title='bbox 1372 3433 1596 3498; x_wconf 78' lang='lat' dir='ltr'>Gereclztsame</span> <span class='ocrx_word' id='word_1_308' title='bbox 1623 3434 1693 3497; x_wconf 84' lang='lat' dir='ltr'>und</span> <span class='ocrx_word' id='word_1_309' title='bbox 1713 3433 1838 3498; x_wconf 80' lang='lat' dir='ltr'>Besr&#39;te-</span> 
     </span>
     <span class='ocr_line' id='line_1_31' title="bbox 900 3523 1089 3600; baseline 0 -14"><span class='ocrx_word' id='word_1_310' title='bbox 900 3523 1034 3586; x_wconf 69' lang='lat' dir='ltr'>teimer</span> <span class='ocrx_word' id='word_1_311' title='bbox 1063 3527 1089 3600; x_wconf 83' lang='lat'>).</span> 
     </span>
    </p>
   </div>
   <div class='ocr_carea' id='block_1_11' title="bbox 751 3636 1238 3722">
    <p class='ocr_par' dir='ltr' id='par_1_12' title="bbox 751 3636 1238 3722">
     <span class='ocr_line' id='line_1_32' title="bbox 751 3636 1238 3722; baseline 0 -22"><span class='ocrx_word' id='word_1_312' title='bbox 751 3640 834 3700; x_wconf 88' lang='grc'><em>1150</em></span> <span class='ocrx_word' id='word_1_313' title='bbox 850 3637 1034 3721; x_wconf 80' lang='lat' dir='ltr'>September</span> <span class='ocrx_word' id='word_1_314' title='bbox 1049 3642 1098 3700; x_wconf 83' lang='lat'>16.</span> <span class='ocrx_word' id='word_1_315' title='bbox 1129 3636 1238 3722; x_wconf 78' lang='lat' dir='ltr'>Segni.</span> 
     </span>
    </p>
   </div>
   <div class='ocr_carea' id='block_1_12' title="bbox 155 3751 1839 5349">
    <p class='ocr_par' dir='ltr' id='par_1_13' title="bbox 155 3751 1839 5349">
     <span class='ocr_line' id='line_1_33' title="bbox 316 3751 1837 3837; baseline 0.004 -22"><span class='ocrx_word' id='word_1_316' title='bbox 316 3752 482 3834; x_wconf 85' lang='lat' dir='ltr'>Eugenius</span> <span class='ocrx_word' id='word_1_317' title='bbox 514 3752 698 3834; x_wconf 91' lang='lat' dir='ltr'>episcopus,</span> <span class='ocrx_word' id='word_1_318' title='bbox 728 3773 841 3815; x_wconf 87' lang='lat' dir='ltr'>servus</span> <span class='ocrx_word' id='word_1_319' title='bbox 870 3774 1037 3817; x_wconf 92' lang='lat' dir='ltr'>servorum</span> <span class='ocrx_word' id='word_1_320' title='bbox 1069 3754 1131 3828; x_wconf 93' lang='lat' dir='ltr'>dei,</span> <span class='ocrx_word' id='word_1_321' title='bbox 1163 3753 1292 3816; x_wconf 90' lang='lat' dir='ltr'>dilectis</span> <span class='ocrx_word' id='word_1_322' title='bbox 1325 3751 1396 3815; x_wconf 88' lang='lat' dir='ltr'>filiis</span> <span class='ocrx_word' id='word_1_323' title='bbox 1424 3753 1530 3826; x_wconf 94' lang='lat' dir='ltr'>Petro,</span> <span class='ocrx_word' id='word_1_324' title='bbox 1560 3752 1837 3837; x_wconf 88' lang='lat' dir='ltr'>archipresbitero</span> 
     </span>
     <span class='ocr_line' id='line_1_34' title="bbox 155 3840 1837 3933; baseline 0.003 -28"><span class='ocrx_word' id='word_1_325' title='bbox 155 3842 288 3928; x_wconf 86' lang='lat' dir='ltr'>Lucane</span> <span class='ocrx_word' id='word_1_326' title='bbox 312 3840 460 3927; x_wconf 89' lang='lat' dir='ltr'>ecclesie,</span> <span class='ocrx_word' id='word_1_327' title='bbox 486 3843 622 3923; x_wconf 91' lang='lat' dir='ltr'>eiusque</span> <span class='ocrx_word' id='word_1_328' title='bbox 645 3840 809 3933; x_wconf 68' lang='lat' dir='ltr'>iratribus,</span> <span class='ocrx_word' id='word_1_329' title='bbox 832 3851 899 3906; x_wconf 91' lang='lat' dir='ltr'>tam</span> <span class='ocrx_word' id='word_1_330' title='bbox 924 3843 1130 3926; x_wconf 87' lang='lat' dir='ltr'>presentibus</span> <span class='ocrx_word' id='word_1_331' title='bbox 1153 3862 1252 3923; x_wconf 91' lang='lat' dir='ltr'>quam</span> <span class='ocrx_word' id='word_1_332' title='bbox 1276 3841 1398 3916; x_wconf 77' lang='lat' dir='ltr'>suturiS,</span> <span class='ocrx_word' id='word_1_333' title='bbox 1422 3842 1576 3905; x_wconf 90' lang='lat' dir='ltr'>canonice</span> <span class='ocrx_word' id='word_1_334' title='bbox 1599 3843 1837 3910; x_wconf 88' lang='lat' dir='ltr'>substituendis</span> 
     </span>
     <span class='ocr_line' id='line_1_35' title="bbox 155 3926 1837 4013; baseline 0.004 -20"><span class='ocrx_word' id='word_1_335' title='bbox 155 3943 195 3993; x_wconf 87' lang='lat' dir='ltr'>IN</span> <span class='ocrx_word' id='word_1_336' title='bbox 218 3942 295 3992; x_wconf 84' lang='lat' dir='ltr'>PPM.</span> <span class='ocrx_word' id='word_1_337' title='bbox 319 3926 388 4012; x_wconf 89' lang='grc' dir='ltr'>-Ι</span> <span class='ocrx_word' id='word_1_338' title='bbox 409 3931 504 3992; x_wconf 91' lang='lat' dir='ltr'>Iustis</span> <span class='ocrx_word' id='word_1_339' title='bbox 527 3930 611 3992; x_wconf 89' lang='lat' dir='ltr'>votis</span> <span class='ocrx_word' id='word_1_340' title='bbox 633 3950 802 3994; x_wconf 91' lang='lat' dir='ltr'>assensum</span> <span class='ocrx_word' id='word_1_341' title='bbox 826 3931 965 4013; x_wconf 89' lang='lat' dir='ltr'>prebere</span> <span class='ocrx_word' id='word_1_342' title='bbox 988 3933 1146 4012; x_wconf 91' lang='lat' dir='ltr'>iustisque</span> <span class='ocrx_word' id='word_1_343' title='bbox 1169 3931 1384 4013; x_wconf 90' lang='lat' dir='ltr'>petitionibus</span> <span class='ocrx_word' id='word_1_344' title='bbox 1408 3950 1502 3993; x_wconf 88' lang='lat' dir='ltr'>aures</span> <span class='ocrx_word' id='word_1_345' title='bbox 1522 3934 1751 4011; x_wconf 90' lang='lat' dir='ltr'>accomodare,</span> <span class='ocrx_word' id='word_1_346' title='bbox 1776 3957 1837 3999; x_wconf 91' lang='lat' dir='ltr'>nos</span> 
     </span>
     <span class='ocr_line' id='line_1_36' title="bbox 156 4018 1835 4106; baseline 0.004 -24"><span class='ocrx_word' id='word_1_347' title='bbox 156 4019 325 4093; x_wconf 90' lang='lat' dir='ltr'>convenit,</span> <span class='ocrx_word' id='word_1_348' title='bbox 362 4021 417 4098; x_wconf 92' lang='lat' dir='ltr'>qui</span> <span class='ocrx_word' id='word_1_349' title='bbox 436 4019 480 4099; x_wconf 82' lang='lat' dir='ltr'>d),</span> <span class='ocrx_word' id='word_1_350' title='bbox 511 4018 588 4081; x_wconf 92' lang='lat' dir='ltr'>licet</span> <span class='ocrx_word' id='word_1_351' title='bbox 618 4020 752 4102; x_wconf 90' lang='lat' dir='ltr'>indigni,</span> <span class='ocrx_word' id='word_1_352' title='bbox 784 4021 903 4106; x_wconf 89' lang='lat' dir='ltr'>iustitie</span> <span class='ocrx_word' id='word_1_353' title='bbox 934 4020 1074 4084; x_wconf 90' lang='lat' dir='ltr'>cultores</span> <span class='ocrx_word' id='word_1_354' title='bbox 1107 4029 1205 4100; x_wconf 90' lang='lat' dir='ltr'>atque</span> <span class='ocrx_word' id='word_1_355' title='bbox 1238 4039 1397 4101; x_wconf 93' lang='lat' dir='ltr'>precones</span> <span class='ocrx_word' id='word_1_356' title='bbox 1428 4022 1460 4082; x_wconf 92' lang='lat' dir='ltr'>in</span> <span class='ocrx_word' id='word_1_357' title='bbox 1492 4019 1623 4084; x_wconf 86' lang='lat' dir='ltr'>excelsa</span> <span class='ocrx_word' id='word_1_358' title='bbox 1661 4022 1835 4087; x_wconf 89' lang='lat' dir='ltr'>beatorum</span> 
     </span>
     <span class='ocr_line' id='line_1_37' title="bbox 156 4107 1837 4196; baseline 0.004 -26"><span class='ocrx_word' id='word_1_359' title='bbox 156 4107 384 4190; x_wconf 87' lang='lat' dir='ltr'>apostolorum</span> <span class='ocrx_word' id='word_1_360' title='bbox 402 4107 489 4170; x_wconf 91' lang='lat' dir='ltr'>Petri</span> <span class='ocrx_word' id='word_1_361' title='bbox 512 4128 551 4170; x_wconf 89' lang='lat' dir='ltr'>ac</span> <span class='ocrx_word' id='word_1_362' title='bbox 570 4107 659 4171; x_wconf 91' lang='lat' dir='ltr'>Pauli</span> <span class='ocrx_word' id='word_1_363' title='bbox 683 4108 817 4191; x_wconf 88' lang='lat' dir='ltr'>specula</span> <span class='ocrx_word' id='word_1_364' title='bbox 841 4110 950 4191; x_wconf 92' lang='lat' dir='ltr'>positi,</span> <span class='ocrx_word' id='word_1_365' title='bbox 974 4111 1109 4172; x_wconf 91' lang='lat' dir='ltr'>domino</span> <span class='ocrx_word' id='word_1_366' title='bbox 1133 4110 1340 4191; x_wconf 92' lang='lat' dir='ltr'>disponente,</span> <span class='ocrx_word' id='word_1_367' title='bbox 1363 4109 1593 4190; x_wconf 90' lang='lat' dir='ltr'>conspicimur.</span> <span class='ocrx_word' id='word_1_368' title='bbox 1613 4116 1619 4192; x_wconf 84' lang='grc' dir='ltr'>Ι</span> <span class='ocrx_word' id='word_1_369' title='bbox 1638 4111 1837 4196; x_wconf 89' lang='lat' dir='ltr'>Eapropter,</span> 
     </span>
     <span class='ocr_line' id='line_1_38' title="bbox 156 4195 1837 4281; baseline 0.004 -22"><span class='ocrx_word' id='word_1_370' title='bbox 156 4196 267 4259; x_wconf 91' lang='lat' dir='ltr'>dilecti</span> <span class='ocrx_word' id='word_1_371' title='bbox 290 4198 323 4259; x_wconf 93' lang='lat' dir='ltr'>in</span> <span class='ocrx_word' id='word_1_372' title='bbox 348 4198 484 4258; x_wconf 89' lang='lat' dir='ltr'>domino</span> <span class='ocrx_word' id='word_1_373' title='bbox 508 4195 572 4271; x_wconf 90' lang='lat' dir='ltr'>filii,</span> <span class='ocrx_word' id='word_1_374' title='bbox 596 4197 710 4260; x_wconf 90' lang='lat' dir='ltr'>vestris</span> <span class='ocrx_word' id='word_1_375' title='bbox 734 4200 824 4260; x_wconf 90' lang='lat' dir='ltr'>iustis</span> <span class='ocrx_word' id='word_1_376' title='bbox 848 4197 1124 4280; x_wconf 90' lang='lat' dir='ltr'>postulationibus</span> <span class='ocrx_word' id='word_1_377' title='bbox 1141 4197 1320 4261; x_wconf 92' lang='lat' dir='ltr'>clementer</span> <span class='ocrx_word' id='word_1_378' title='bbox 1339 4200 1520 4272; x_wconf 91' lang='lat' dir='ltr'>annuimus,</span> <span class='ocrx_word' id='word_1_379' title='bbox 1543 4207 1577 4260; x_wconf 92' lang='lat' dir='ltr'>et</span> <span class='ocrx_word' id='word_1_380' title='bbox 1592 4199 1837 4281; x_wconf 90' lang='lat' dir='ltr'>predecessoris</span> 
     </span>
     <span class='ocr_line' id='line_1_39' title="bbox 156 4284 1836 4370; baseline 0.003 -23"><span class='ocrx_word' id='word_1_381' title='bbox 156 4287 259 4348; x_wconf 90' lang='lat' dir='ltr'>nostri</span> <span class='ocrx_word' id='word_1_382' title='bbox 290 4284 393 4348; x_wconf 82' lang='lat' dir='ltr'>felicis</span> <span class='ocrx_word' id='word_1_383' title='bbox 425 4286 582 4348; x_wconf 91' lang='lat' dir='ltr'>memorie</span> <span class='ocrx_word' id='word_1_384' title='bbox 613 4306 701 4369; x_wconf 91' lang='lat' dir='ltr'>pape</span> <span class='ocrx_word' id='word_1_385' title='bbox 725 4285 911 4368; x_wconf 75' lang='lat' dir='ltr'>GELASII’)</span> <span class='ocrx_word' id='word_1_386' title='bbox 940 4289 1086 4369; x_wconf 82' lang='lat' dir='ltr'>vestigiis</span> <span class='ocrx_word' id='word_1_387' title='bbox 1117 4286 1310 4361; x_wconf 91' lang='lat' dir='ltr'>inherentes,</span> <span class='ocrx_word' id='word_1_388' title='bbox 1341 4287 1491 4366; x_wconf 89' lang='lat' dir='ltr'>antiquas</span> <span class='ocrx_word' id='word_1_389' title='bbox 1523 4287 1660 4370; x_wconf 75' lang='lat' dir='ltr'>ecclesie</span> <span class='ocrx_word' id='word_1_390' title='bbox 1690 4293 1836 4354; x_wconf 88' lang='lat' dir='ltr'>matricis</span> 
     </span>
     <span class='ocr_line' id='line_1_40' title="bbox 156 4373 1838 4458; baseline 0.004 -22"><span class='ocrx_word' id='word_1_391' title='bbox 156 4383 256 4455; x_wconf 91' lang='lat' dir='ltr'>atque</span> <span class='ocrx_word' id='word_1_392' title='bbox 279 4373 487 4437; x_wconf 89' lang='lat' dir='ltr'>rationabiles</span> <span class='ocrx_word' id='word_1_393' title='bbox 511 4376 761 4438; x_wconf 89' lang='lat' dir='ltr'>consuetudines</span> <span class='ocrx_word' id='word_1_394' title='bbox 776 4376 870 4438; x_wconf 89' lang='lat' dir='ltr'>vobis</span> <span class='ocrx_word' id='word_1_395' title='bbox 893 4377 1074 4458; x_wconf 91' lang='lat' dir='ltr'>vestrisque</span> <span class='ocrx_word' id='word_1_396' title='bbox 1097 4376 1340 4440; x_wconf 89' lang='lat' dir='ltr'>successoribus</span> <span class='ocrx_word' id='word_1_397' title='bbox 1364 4373 1605 4452; x_wconf 71' lang='lat' dir='ltr'>confirmamus</span> <span class='ocrx_word' id='word_1_398' title='bbox 1627 4385 1663 4439; x_wconf 93' lang='lat' dir='ltr'>ut</span> <span class='ocrx_word' id='word_1_399' title='bbox 1682 4379 1838 4443; x_wconf 87' lang='lat' dir='ltr'>videlicet</span> 
     </span>
     <span class='ocr_line' id='line_1_41' title="bbox 157 4462 1838 4552; baseline 0.004 -27"><span class='ocrx_word' id='word_1_400' title='bbox 157 4466 328 4526; x_wconf 89' lang='lat' dir='ltr'>unctiones</span> <span class='ocrx_word' id='word_1_401' title='bbox 352 4462 554 4525; x_wconf 89' lang='lat' dir='ltr'>infirmorum</span> <span class='ocrx_word' id='word_1_402' title='bbox 578 4483 616 4525; x_wconf 90' lang='lat' dir='ltr'>ac</span> <span class='ocrx_word' id='word_1_403' title='bbox 639 4464 807 4552; x_wconf 72' lang='lat' dir='ltr'>sepulture</span> <span class='ocrx_word' id='word_1_404' title='bbox 831 4466 980 4539; x_wconf 79' lang='lat' dir='ltr'>civitatis,</span> <span class='ocrx_word' id='word_1_405' title='bbox 1011 4467 1145 4548; x_wconf 89' lang='lat' dir='ltr'>proprie</span> <span class='ocrx_word' id='word_1_406' title='bbox 1177 4465 1218 4527; x_wconf 90' lang='lat' dir='ltr'>ad</span> <span class='ocrx_word' id='word_1_407' title='bbox 1251 4465 1390 4527; x_wconf 90' lang='lat' dir='ltr'>eandem</span> <span class='ocrx_word' id='word_1_408' title='bbox 1422 4463 1594 4527; x_wconf 91' lang='lat' dir='ltr'>ecclesiam</span> <span class='ocrx_word' id='word_1_409' title='bbox 1625 4467 1838 4548; x_wconf 89' lang='lat' dir='ltr'>pertinentes,</span> 
     </span>
     <span class='ocr_line' id='line_1_42' title="bbox 157 4550 1839 4635; baseline 0.004 -21"><span class='ocrx_word' id='word_1_410' title='bbox 157 4561 191 4614; x_wconf 93' lang='lat' dir='ltr'>et</span> <span class='ocrx_word' id='word_1_411' title='bbox 214 4550 357 4615; x_wconf 81' lang='lat' dir='ltr'>officium</span> <span class='ocrx_word' id='word_1_412' title='bbox 381 4562 481 4631; x_wconf 90' lang='lat' dir='ltr'>atque</span> <span class='ocrx_word' id='word_1_413' title='bbox 505 4555 714 4634; x_wconf 90' lang='lat' dir='ltr'>participatio</span> <span class='ocrx_word' id='word_1_414' title='bbox 737 4553 886 4617; x_wconf 88' lang='lat' dir='ltr'>beneficii</span> <span class='ocrx_word' id='word_1_415' title='bbox 913 4553 1073 4627; x_wconf 80' lang='lat' dir='ltr'>funerum,</span> <span class='ocrx_word' id='word_1_416' title='bbox 1105 4554 1148 4616; x_wconf 85' lang='lat' dir='ltr'>ad</span> <span class='ocrx_word' id='word_1_417' title='bbox 1181 4553 1258 4616; x_wconf 90' lang='lat' dir='ltr'>alias</span> <span class='ocrx_word' id='word_1_418' title='bbox 1288 4552 1443 4616; x_wconf 89' lang='lat' dir='ltr'>ecclesias</span> <span class='ocrx_word' id='word_1_419' title='bbox 1473 4555 1714 4635; x_wconf 84' lang='lat' dir='ltr'>pertinentium,</span> <span class='ocrx_word' id='word_1_420' title='bbox 1748 4557 1839 4621; x_wconf 89' lang='lat' dir='ltr'>nulla</span> 
     </span>
     <span class='ocr_line' id='line_1_43' title="bbox 157 4639 1838 4725; baseline 0.004 -22"><span class='ocrx_word' id='word_1_421' title='bbox 157 4640 350 4704; x_wconf 90' lang='lat' dir='ltr'>clericorum</span> <span class='ocrx_word' id='word_1_422' title='bbox 375 4639 551 4703; x_wconf 87' lang='lat' dir='ltr'>calliditate</span> <span class='ocrx_word' id='word_1_423' title='bbox 579 4650 635 4704; x_wconf 90' lang='lat' dir='ltr'>aut</span> <span class='ocrx_word' id='word_1_424' title='bbox 664 4641 822 4705; x_wconf 91' lang='lat' dir='ltr'>laicorum</span> <span class='ocrx_word' id='word_1_425' title='bbox 846 4641 1069 4725; x_wconf 89' lang='lat' dir='ltr'>quorumlibet</span> <span class='ocrx_word' id='word_1_426' title='bbox 1098 4644 1160 4724; x_wconf 93' lang='lat' dir='ltr'>ipsi</span> <span class='ocrx_word' id='word_1_427' title='bbox 1193 4643 1331 4705; x_wconf 89' lang='lat' dir='ltr'>ecclesie</span> <span class='ocrx_word' id='word_1_428' title='bbox 1361 4641 1600 4705; x_wconf 88' lang='lat' dir='ltr'>subtrahantur.</span> <span class='ocrx_word' id='word_1_429' title='bbox 1646 4644 1838 4710; x_wconf 89' lang='lat' dir='ltr'>Electiones</span> 
     </span>
     <span class='ocr_line' id='line_1_44' title="bbox 156 4729 1838 4818; baseline 0.004 -26"><span class='ocrx_word' id='word_1_430' title='bbox 156 4738 266 4793; x_wconf 87' lang='lat' dir='ltr'>autem</span> <span class='ocrx_word' id='word_1_431' title='bbox 291 4730 435 4812; x_wconf 92' lang='lat' dir='ltr'>priorum</span> <span class='ocrx_word' id='word_1_432' title='bbox 459 4737 493 4792; x_wconf 91' lang='lat' dir='ltr'>et</span> <span class='ocrx_word' id='word_1_433' title='bbox 515 4729 751 4793; x_wconf 88' lang='lat' dir='ltr'>collocationes</span> <span class='ocrx_word' id='word_1_434' title='bbox 771 4731 800 4809; x_wconf 85' lang='lat' dir='ltr'>e)</span> <span class='ocrx_word' id='word_1_435' title='bbox 833 4731 1024 4795; x_wconf 90' lang='lat' dir='ltr'>clericorum</span> <span class='ocrx_word' id='word_1_436' title='bbox 1056 4733 1088 4793; x_wconf 92' lang='lat' dir='ltr'>in</span> <span class='ocrx_word' id='word_1_437' title='bbox 1118 4731 1227 4811; x_wconf 86' lang='lat' dir='ltr'>aliqua</span> <span class='ocrx_word' id='word_1_438' title='bbox 1250 4731 1386 4818; x_wconf 88' lang='lat' dir='ltr'>ecclesia</span> <span class='ocrx_word' id='word_1_439' title='bbox 1413 4730 1495 4793; x_wconf 88' lang='lat' dir='ltr'>infra</span> <span class='ocrx_word' id='word_1_440' title='bbox 1527 4732 1642 4794; x_wconf 92' lang='lat' dir='ltr'>urbem</span> <span class='ocrx_word' id='word_1_441' title='bbox 1664 4733 1717 4798; x_wconf 89' lang='lat' dir='ltr'>vel</span> <span class='ocrx_word' id='word_1_442' title='bbox 1741 4745 1838 4798; x_wconf 89' lang='lat' dir='ltr'>extra</span> 
     </span>
     <span class='ocr_line' id='line_1_45' title="bbox 157 4817 1838 4903; baseline 0.005 -23"><span class='ocrx_word' id='word_1_443' title='bbox 157 4821 190 4881; x_wconf 93' lang='lat' dir='ltr'>in</span> <span class='ocrx_word' id='word_1_444' title='bbox 213 4818 377 4881; x_wconf 91' lang='lat' dir='ltr'>suburbiis</span> <span class='ocrx_word' id='word_1_445' title='bbox 396 4817 429 4896; x_wconf 78' lang='lat' dir='ltr'>s]</span> <span class='ocrx_word' id='word_1_446' title='bbox 453 4818 522 4880; x_wconf 90' lang='lat' dir='ltr'>sine</span> <span class='ocrx_word' id='word_1_447' title='bbox 550 4838 709 4883; x_wconf 91' lang='lat' dir='ltr'>consensu</span> <span class='ocrx_word' id='word_1_448' title='bbox 740 4821 888 4903; x_wconf 90' lang='lat' dir='ltr'>episcopi</span> <span class='ocrx_word' id='word_1_449' title='bbox 913 4830 946 4883; x_wconf 92' lang='lat' dir='ltr'>et</span> <span class='ocrx_word' id='word_1_450' title='bbox 969 4822 1125 4902; x_wconf 92' lang='lat' dir='ltr'>priorum,</span> <span class='ocrx_word' id='word_1_451' title='bbox 1156 4824 1211 4900; x_wconf 93' lang='lat' dir='ltr'>qui</span> <span class='ocrx_word' id='word_1_452' title='bbox 1236 4820 1414 4903; x_wconf 90' lang='lat' dir='ltr'>locopositi</span> <span class='ocrx_word' id='word_1_453' title='bbox 1442 4822 1659 4897; x_wconf 90' lang='lat' dir='ltr'>nominantur,</span> <span class='ocrx_word' id='word_1_454' title='bbox 1692 4826 1838 4888; x_wconf 87' lang='lat' dir='ltr'>matricis</span> 
     </span>
     <span class='ocr_line' id='line_1_46' title="bbox 157 4905 1838 4991; baseline 0.004 -21"><span class='ocrx_word' id='word_1_455' title='bbox 157 4906 297 4970; x_wconf 91' lang='lat' dir='ltr'>ecclesie</span> <span class='ocrx_word' id='word_1_456' title='bbox 320 4927 386 4968; x_wconf 92' lang='lat' dir='ltr'>non</span> <span class='ocrx_word' id='word_1_457' title='bbox 410 4905 498 4982; x_wconf 85' lang='lat' dir='ltr'>fiant,</span> <span class='ocrx_word' id='word_1_458' title='bbox 521 4926 582 4970; x_wconf 92' lang='lat' dir='ltr'>nec</span> <span class='ocrx_word' id='word_1_459' title='bbox 605 4907 763 4971; x_wconf 91' lang='lat' dir='ltr'>laicorum</span> <span class='ocrx_word' id='word_1_460' title='bbox 785 4909 940 4972; x_wconf 90' lang='lat' dir='ltr'>violentia</span> <span class='ocrx_word' id='word_1_461' title='bbox 963 4913 997 4973; x_wconf 92' lang='lat' dir='ltr'>in</span> <span class='ocrx_word' id='word_1_462' title='bbox 1021 4910 1130 4991; x_wconf 90' lang='lat' dir='ltr'>aliqua</span> <span class='ocrx_word' id='word_1_463' title='bbox 1153 4910 1364 4974; x_wconf 88' lang='lat' dir='ltr'>ecclesiarum</span> <span class='ocrx_word' id='word_1_464' title='bbox 1389 4907 1453 4971; x_wconf 89' lang='lat' dir='ltr'>ulla</span> <span class='ocrx_word' id='word_1_465' title='bbox 1486 4911 1632 4990; x_wconf 91' lang='lat' dir='ltr'>priorum</span> <span class='ocrx_word' id='word_1_466' title='bbox 1663 4921 1720 4975; x_wconf 91' lang='lat' dir='ltr'>aut</span> <span class='ocrx_word' id='word_1_467' title='bbox 1743 4913 1838 4976; x_wconf 88' lang='lat' dir='ltr'>cleri-</span> 
     </span>
     <span class='ocr_line' id='line_1_47' title="bbox 157 4994 1836 5082; baseline 0.005 -24"><span class='ocrx_word' id='word_1_468' title='bbox 157 5016 271 5059; x_wconf 90' lang='lat' dir='ltr'>corum</span> <span class='ocrx_word' id='word_1_469' title='bbox 303 4994 359 5058; x_wconf 87' lang='lat' dir='ltr'>fiat</span> <span class='ocrx_word' id='word_1_470' title='bbox 389 4995 523 5070; x_wconf 92' lang='lat' dir='ltr'>electio,</span> <span class='ocrx_word' id='word_1_471' title='bbox 555 5004 588 5058; x_wconf 92' lang='lat' dir='ltr'>et</span> <span class='ocrx_word' id='word_1_472' title='bbox 619 4996 705 5060; x_wconf 90' lang='lat' dir='ltr'>nulla</span> <span class='ocrx_word' id='word_1_473' title='bbox 735 4997 945 5061; x_wconf 86' lang='lat' dir='ltr'>ecclesiarum</span> <span class='ocrx_word' id='word_1_474' title='bbox 979 5001 1191 5082; x_wconf 90' lang='lat' dir='ltr'>episcopatus</span> <span class='ocrx_word' id='word_1_475' title='bbox 1220 4999 1318 5061; x_wconf 90' lang='lat' dir='ltr'>vestri</span> <span class='ocrx_word' id='word_1_476' title='bbox 1351 5005 1461 5080; x_wconf 93' lang='lat' dir='ltr'>preter</span> <span class='ocrx_word' id='word_1_477' title='bbox 1490 5019 1604 5062; x_wconf 91' lang='lat' dir='ltr'>eorum</span> <span class='ocrx_word' id='word_1_478' title='bbox 1635 5019 1836 5065; x_wconf 88' lang='lat' dir='ltr'>consensum</span> 
     </span>
     <span class='ocr_line' id='line_1_48' title="bbox 156 5083 1837 5174; baseline 0.004 -27"><span class='ocrx_word' id='word_1_479' title='bbox 156 5085 251 5147; x_wconf 91' lang='lat' dir='ltr'>alicui</span> <span class='ocrx_word' id='word_1_480' title='bbox 275 5084 451 5147; x_wconf 90' lang='lat' dir='ltr'>subiciatur</span> <span class='ocrx_word' id='word_1_481' title='bbox 473 5083 618 5160; x_wconf 88' lang='lat' dir='ltr'>ecclesie,</span> <span class='ocrx_word' id='word_1_482' title='bbox 643 5106 750 5166; x_wconf 91' lang='lat' dir='ltr'>neque</span> <span class='ocrx_word' id='word_1_483' title='bbox 774 5087 904 5170; x_wconf 91' lang='lat' dir='ltr'>publica</span> <span class='ocrx_word' id='word_1_484' title='bbox 929 5095 961 5151; x_wconf 91' lang='lat' dir='ltr'>et</span> <span class='ocrx_word' id='word_1_485' title='bbox 985 5088 1107 5151; x_wconf 91' lang='lat' dir='ltr'>maiora</span> <span class='ocrx_word' id='word_1_486' title='bbox 1130 5090 1262 5169; x_wconf 85' lang='lat' dir='ltr'>negotia</span> <span class='ocrx_word' id='word_1_487' title='bbox 1285 5087 1396 5168; x_wconf 90' lang='lat' dir='ltr'>aliqua</span> <span class='ocrx_word' id='word_1_488' title='bbox 1418 5087 1480 5150; x_wconf 91' lang='lat' dir='ltr'>sibi</span> <span class='ocrx_word' id='word_1_489' title='bbox 1504 5088 1724 5165; x_wconf 91' lang='lat' dir='ltr'>ecclesiarum,</span> <span class='ocrx_word' id='word_1_490' title='bbox 1756 5093 1837 5174; x_wconf 92' lang='lat' dir='ltr'>ipsis</span> 
     </span>
     <span class='ocr_line' id='line_1_49' title="bbox 157 5174 1837 5258; baseline 0.004 -22"><span class='ocrx_word' id='word_1_491' title='bbox 157 5174 272 5247; x_wconf 91' lang='lat' dir='ltr'>invitis,</span> <span class='ocrx_word' id='word_1_492' title='bbox 302 5174 436 5254; x_wconf 91' lang='lat' dir='ltr'>arripiat</span> <span class='ocrx_word' id='word_1_493' title='bbox 465 5181 522 5235; x_wconf 87' lang='lat' dir='ltr'>aut</span> <span class='ocrx_word' id='word_1_494' title='bbox 552 5174 698 5256; x_wconf 91' lang='lat' dir='ltr'>publicas</span> <span class='ocrx_word' id='word_1_495' title='bbox 728 5178 923 5258; x_wconf 90' lang='lat' dir='ltr'>penitentias</span> <span class='ocrx_word' id='word_1_496' title='bbox 956 5177 1084 5251; x_wconf 88' lang='lat' dir='ltr'>tribuat,</span> <span class='ocrx_word' id='word_1_497' title='bbox 1115 5197 1175 5239; x_wconf 94' lang='lat' dir='ltr'>nec</span> <span class='ocrx_word' id='word_1_498' title='bbox 1203 5178 1380 5239; x_wconf 89' lang='lat' dir='ltr'>sententias</span> <span class='ocrx_word' id='word_1_499' title='bbox 1404 5185 1438 5237; x_wconf 92' lang='lat' dir='ltr'>et</span> <span class='ocrx_word' id='word_1_500' title='bbox 1460 5177 1668 5241; x_wconf 88' lang='lat' dir='ltr'>interdictum</span> <span class='ocrx_word' id='word_1_501' title='bbox 1693 5182 1837 5243; x_wconf 90' lang='lat' dir='ltr'>matricis</span> 
     </span>
     <span class='ocr_line' id='line_1_50' title="bbox 157 5262 1836 5349; baseline 0.004 -24"><span class='ocrx_word' id='word_1_502' title='bbox 157 5262 295 5349; x_wconf 72' lang='lat' dir='ltr'>ecclesie</span> <span class='ocrx_word' id='word_1_503' title='bbox 334 5271 477 5343; x_wconf 90' lang='lat' dir='ltr'>temptet</span> <span class='ocrx_word' id='word_1_504' title='bbox 513 5263 694 5346; x_wconf 77' lang='lat' dir='ltr'>infringere.</span> <span class='ocrx_word' id='word_1_505' title='bbox 746 5265 844 5329; x_wconf 91' lang='lat' dir='ltr'>Nulla</span> <span class='ocrx_word' id='word_1_506' title='bbox 882 5266 979 5328; x_wconf 90' lang='lat' dir='ltr'>etiam</span> <span class='ocrx_word' id='word_1_507' title='bbox 1011 5266 1108 5328; x_wconf 91' lang='lat' dir='ltr'>vestri</span> <span class='ocrx_word' id='word_1_508' title='bbox 1149 5267 1361 5347; x_wconf 89' lang='lat' dir='ltr'>episcopatus</span> <span class='ocrx_word' id='word_1_509' title='bbox 1394 5285 1534 5347; x_wconf 90' lang='lat' dir='ltr'>persona</span> <span class='ocrx_word' id='word_1_510' title='bbox 1571 5267 1640 5329; x_wconf 91' lang='lat' dir='ltr'>sine</span> <span class='ocrx_word' id='word_1_511' title='bbox 1674 5287 1836 5332; x_wconf 88' lang='lat' dir='ltr'>consensu</span> 
     </span>
    </p>
   </div>
   <div class='ocr_carea' id='block_1_13' title="bbox 157 5457 1835 5663">
    <p class='ocr_par' dir='ltr' id='par_1_14' title="bbox 157 5457 1835 5663">
     <span class='ocr_line' id='line_1_51' title="bbox 318 5457 1835 5528; baseline 0.006 -24"><span class='ocrx_word' id='word_1_512' title='bbox 318 5458 343 5522; x_wconf 82' lang='lat' dir='ltr'>a)</span> <span class='ocrx_word' id='word_1_513' title='bbox 361 5457 421 5522; x_wconf 83' lang='lat' dir='ltr'>Aus</span> <span class='ocrx_word' id='word_1_514' title='bbox 434 5459 519 5507; x_wconf 73' lang='lat' dir='ltr'>Ram</span> <span class='ocrx_word' id='word_1_515' title='bbox 534 5474 582 5507; x_wconf 83' lang='lat' dir='ltr'>ven</span> <span class='ocrx_word' id='word_1_516' title='bbox 599 5460 703 5509; x_wconf 71' lang='lat' dir='ltr'>anderen</span> <span class='ocrx_word' id='word_1_517' title='bbox 720 5461 795 5510; x_wconf 82' lang='lat' dir='ltr'>Dinte</span> <span class='ocrx_word' id='word_1_518' title='bbox 866 5461 894 5522; x_wconf 89' lang='lat' dir='ltr'>b)</span> <span class='ocrx_word' id='word_1_519' title='bbox 913 5460 1022 5509; x_wconf 86' lang='lat' dir='ltr'>ecclesie</span> <span class='ocrx_word' id='word_1_520' title='bbox 1112 5463 1137 5523; x_wconf 80' lang='lat' dir='ltr'>c)</span> <span class='ocrx_word' id='word_1_521' title='bbox 1156 5461 1209 5523; x_wconf 85' lang='lat' dir='ltr'>auf</span> <span class='ocrx_word' id='word_1_522' title='bbox 1222 5461 1307 5508; x_wconf 75' lang='lat' dir='ltr'>Reme</span> <span class='ocrx_word' id='word_1_523' title='bbox 1390 5459 1417 5523; x_wconf 85' lang='lat' dir='ltr'>d)</span> <span class='ocrx_word' id='word_1_524' title='bbox 1435 5459 1443 5507; x_wconf 91' lang='lat' dir='ltr'>i</span> <span class='ocrx_word' id='word_1_525' title='bbox 1462 5460 1515 5524; x_wconf 82' lang='lat' dir='ltr'>auf</span> <span class='ocrx_word' id='word_1_526' title='bbox 1528 5463 1620 5521; x_wconf 81' lang='lat' dir='ltr'>Rasrer,</span> <span class='ocrx_word' id='word_1_527' title='bbox 1643 5476 1667 5511; x_wconf 83' lang='lat' dir='ltr'>es</span> <span class='ocrx_word' id='word_1_528' title='bbox 1684 5463 1761 5512; x_wconf 81' lang='lat' dir='ltr'>stand</span> <span class='ocrx_word' id='word_1_529' title='bbox 1776 5464 1835 5528; x_wconf 92' lang='lat' dir='ltr'>quid</span> 
     </span>
     <span class='ocr_line' id='line_1_52' title="bbox 157 5525 1835 5663; baseline 0.005 -87"><span class='ocrx_word' id='word_1_530' title='bbox 157 5525 365 5663; x_wconf 41' lang='grc' dir='ltr'>ἓιέοαέῒιῶσωιί</span> <span class='ocrx_word' id='word_1_531' title='bbox 386 5533 471 5578; x_wconf 80' lang='lat' dir='ltr'>A&#39;asnr</span> <span class='ocrx_word' id='word_1_532' title='bbox 578 5531 600 5595; x_wconf 84' lang='lat' dir='ltr'>f)</span> <span class='ocrx_word' id='word_1_533' title='bbox 624 5532 645 5580; x_wconf 89' lang='lat' dir='ltr'>is</span> <span class='ocrx_word' id='word_1_534' title='bbox 669 5532 722 5594; x_wconf 80' lang='lat' dir='ltr'>aus</span> <span class='ocrx_word' id='word_1_535' title='bbox 739 5535 829 5582; x_wconf 74' lang='lat' dir='ltr'>Reme.</span> <span class='ocrx_word' id='word_1_536' title='bbox 851 5573 855 5576; x_wconf 88' lang='lat'>.</span> <span class='ocrx_word' id='word_1_537' title='bbox 893 5573 899 5578; x_wconf 91' lang='lat'>.</span> <span class='ocrx_word' id='word_1_538' title='bbox 921 5538 958 5597; x_wconf 77' lang='lat'>.1)</span> <span class='ocrx_word' id='word_1_539' title='bbox 983 5531 1060 5596; x_wconf 79' lang='lat' dir='ltr'>Vergl.</span> <span class='ocrx_word' id='word_1_540' title='bbox 1084 5530 1121 5579; x_wconf 84' lang='lat' dir='ltr'>die</span> <span class='ocrx_word' id='word_1_541' title='bbox 1142 5530 1202 5580; x_wconf 81' lang='lat' dir='ltr'>Urk.</span> <span class='ocrx_word' id='word_1_542' title='bbox 1227 5547 1282 5580; x_wconf 73' lang='lat' dir='ltr'>vene</span> <span class='ocrx_word' id='word_1_543' title='bbox 1300 5533 1335 5580; x_wconf 77' lang='lat'>26</span> <span class='ocrx_word' id='word_1_544' title='bbox 1359 5531 1492 5580; x_wconf 77' lang='lat' dir='ltr'>ilbvmrber</span> <span class='ocrx_word' id='word_1_545' title='bbox 1515 5533 1587 5582; x_wconf 79' lang='lat'>1153.</span> <span class='ocrx_word' id='word_1_546' title='bbox 1697 5544 1724 5599; x_wconf 85' lang='lat'>2)</span> <span class='ocrx_word' id='word_1_547' title='bbox 1756 5533 1835 5601; x_wconf 77' lang='lat' dir='ltr'>Jaffe&#39;,</span> 
     </span>
    </p>
   </div>
   <div class='ocr_carea' id='block_1_14' title="bbox 0 0 1999 6194">
    <p class='ocr_par' dir='ltr' id='par_1_15' title="bbox 0 0 1999 6194">
     <span class='ocr_line' id='line_1_53' title="bbox 0 0 1999 6194; baseline 0 0"><span class='ocrx_word' id='word_1_548' title='bbox 0 0 1999 6194; x_wconf 95' lang='lat' dir='ltr'> </span> 
     </span>
    </p>
   </div>
  </div>
 </body>
</html>
