3982 6194
158 224 220 290 Ι74

154 408 187 462 et
210 400 400 463 cancellarii.
439 402 560 464 vldus
583 402 670 465 Maii.
710 401 892 466 Indictionc
915 419 975 467 1111.
1018 405 1253 467 lncarnationis
1276 404 1440 467 dominice
1462 423 1550 467 anno
1573 414 1696 467 Mcht.
1741 404 1819 466 Pon·

154 488 293 552 tificatus
315 510 393 552 vero
417 491 529 553 domni
553 491 691 555 Adriani
716 513 803 574 pape
827 507 877 555 1111
901 513 990 555 anno
1014 509 1048 557 11.

311 603 435 668 Abschrr'st
450 619 505 652 vom
523 605 594 653 Ende
612 606 651 654 des
670 608 701 655 12
723 605 816 669 Jahrb.
836 607 875 656 des
887 607 943 661 Cori.
957 607 1054 656 Sicardr'
1065 616 1092 672 p.
1104 609 1146 669 84,
1159 610 1202 667 85,
1221 607 1254 655 im
1270 607 1434 657 Privatberilze
1451 607 1491 656 des
1508 606 1576 673 Sign.
1589 606 1639 655 Dr.
1654 604 1684 655 F.
1696 604 1814 664 Robolotti

154 674 306 739 nraes'bcwahrt
321 676 354 724 im
375 676 474 725 Pulazro
493 676 600 726 Ponrone
616 694 646 727 ru
668 677 792 731 Cremona.

893 1008 959 1083 ΝΥ.
993 1013 1078 1085 164.

153 1135 307 1200 Hadrian
324 1138 347 1200 J
353 1137 384 1200 V
399 1139 548 1222 bestdtrgt
568 1139 628 1202 der
651 1138 922 1222 Kollegr'atler'rclre
943 1162 1003 1205 von
1032 1141 1123 1207 Sant’
1145 1141 1317 1224 Eustorgr'o
1340 1139 1379 1203 di
1400 1139 1528 1204 Mr'lano
1553 1140 1616 1204 den
1632 1140 1743 1204 Besita
1767 1141 1819 1206 der

541 1227 711 1312 Hospr'tals
734 1227 766 1293 r'n
789 1229 849 1293 der
881 1229 1031 1294 Vorstadt
1054 1253 1113 1294 uon
1137 1232 1235 1295 Porta
1272 1230 1423 1294 Ticinesn

752 1347 835 1408 1150
856 1345 944 1420 Jum‘
965 1349 993 1411 7.
1041 1346 1206 1411 Benevent.

311 1459 501 1523 ADRIANUS
524 1463 708 1543 episcopus,
741 1484 851 1525 servus
874 1484 1040 1527 servorum
1063 1465 1125 1539 dei,
1158 1464 1283 1526 dilectis
1307 1462 1380 1525 filiis
1403 1453 1619 1545 Guirredo'a),
1651 1464 1817 1545 preposito

153 1547 289 1610 ecclesie
305 1549 393 1612 beati
405 1551 578 1632 Eustorgii,
596 1553 729 1632 eiusque
743 1549 746 1635 l
764 1552 915 1615 iratribus
931 1554 1069 1616 salutem
1084 1564 1116 1616 et
1130 1552 1344 1635 apostolicam
1357 1551 1630 1615 benedictionem.
1663 1551 1818 1635 Quotiens

154 1635 232 1698 illud
256 1658 275 1699 a
298 1638 393 1701 nobis
416 1640 544 1720 petitur,
576 1641 666 1721 quod
691 1643 806 1703 rationi
831 1653 864 1704 et
886 1641 1050 1706 honestati
1079 1638 1265 1727 convelnire
1290 1642 1476 1716 dinoscitur,
1509 1641 1620 1703 animo
1644 1661 1707 1703 nos
1731 1641 1819 1704 decet

154 1725 267 1788 libenti
299 1729 480 1791 concedere
511 1740 544 1791 et
583 1731 765 1810 petentium
795 1731 962 1794 desideriis
993 1752 1172 1813 congruum
1206 1731 1362 1812 impertiri
1386 1729 1582 1811 suffragium.
1628 1727 1819 1814 Eapropter,

155 1815 263 1877 dilecti
287 1816 319 1877 in
344 1818 478 1880 domino
503 1818 567 1893 filii,
591 1820 741 1900 petitioni
765 1831 871 1883 vestre
895 1821 1008 1883 debita
1029 1821 1233 1903 benignitate
1255 1829 1383 1901 gratum
1408 1819 1631 1901 impertientes
1646 1839 1818 1895 assensum,

155 1904 403 1981 ordinationem,
435 1908 693 1989 dispositionem,
725 1910 878 1990 regimen,
910 1911 1091 1973 dominium
1115 1922 1148 1973 et
1171 1910 1496 1972 amministrationem
1520 1907 1703 1993 hospitalis»,
1735 1909 1819 1990 quod

155 1992 187 2054 in
211 1993 367 2058 suburbio
391 2006 486 2076 porte
509 1997 690 2060 Ticinensis
714 1999 755 2060 ad
779 1999 938 2061 honorem
963 2001 1015 2062 dei
1039 2010 1072 2063 et
1095 2019 1276 2082 pauperum
1299 1998 1570 2061 sustentationem
1601 2008 1819 2060 constructum

155 2092 212 2156 est,
244 2084 565 2163 quemadmoduma
596 2087 684 2149 bone
714 2089 871 2150 memorie
893 2088 1066 2163 Robaldo,
1098 2088 1336 2152 Mediolanensi
1368 2086 1634 2168 archiepiscopo,
1666 2087 1820 2150 canonice

154 2171 248 2233 vobis
264 2193 455 2236 concessum
471 2185 567 2237 estet
582 2176 704 2256 scripto
723 2197 781 2239 suo
799 2176 971 2258 firmatum,
985 2179 1081 2240 vobis
1096 2179 1256 2260 presentis
1268 2178 1380 2259 scripti
1397 2178 1519 2258 pagina
1538 2173 1567 2259 b)
1584 2173 1820 2238 confirmamus.

153 2260 375 2338 Prohibentes‚
408 2274 443 2325 ut
475 2264 580 2326 nullus
610 2267 745 2328 omnino
776 2266 945 2329 hominum
968 2288 1028 2330 vos
1058 2288 1157 2349 super
1188 2267 1249 2330 hac
1280 2278 1392 2329 nostra
1421 2264 1672 2328 confirmatione
1701 2275 1821 2328 temere

154 2350 343 2430 perturbare
375 2364 540 2433 presumat
570 2365 626 2416 aut
658 2356 803 2417 eiusdem
833 2356 1004 2438 hospitalis
1037 2357 1125 2419 bona
1155 2356 1207 2419 vel
1237 2357 1461 2438 possessiones
1491 2354 1632 2429 auferre,
1674 2355 1821 2428 retinere,

155 2439 298 2502 minuere
331 2461 386 2503 seu
416 2442 615 2522 quibuslibet
644 2444 801 2506 molestiis
832 2444 976 2527 fatigare.
1023 2445 1122 2527 Quod
1152 2447 1179 2508 si
1209 2446 1281 2526 quis
1311 2444 1483 2507 temerario
1515 2464 1593 2506 ausu
1625 2452 1822 2527 attemptare

153 2531 393 2610 presumpserit,
425 2533 569 2594 secundo
593 2534 729 2596 tertiove
753 2536 979 2610 commonitus,
1011 2536 1037 2597 si
1062 2555 1128 2598 non
1153 2545 1277 2597 reatum
1308 2555 1402 2597 suum
1432 2553 1576 2614 congrua
1598 2533 1822 2595 satisfactione

154 2620 337 2694 correxerit,
369 2620 628 2700 indignationem
660 2623 896 2704 omnipotentis
925 2625 977 2686 dei
1009 2636 1042 2687 et
1073 2624 1246 2686 beatorum
1270 2622 1354 2686 Petri
1375 2619 1380 2707 Ι
1401 2630 1433 2685 ct
1456 2622 1563 2697 Pauli,
1594 2623 1822 2704 apostolorum

154 2707 230 2781 eiuS,
252 2728 288 2769 sc
311 2709 437 2771 noverit
461 2709 669 2774 incursurum.
692 2747 737 2757 -
758 2713 834 2775 Dat
858 2713 1045 2789 Beneventi,
1070 2725 1120 2775 vn
1139 2711 1145 2799 Ι
1164 2713 1240 2775 Idus
1263 2713 1353 2776 Iunii.

315 2821 357 2870 Or.
377 2823 410 2870 im
428 2822 541 2871 Archivr‘o
557 2824 585 2871 di
601 2825 668 2873 Stolo
684 2842 714 2874 ru
733 2825 863 2893 nsailand„

315 2894 382 2958 Perg.
402 2894 461 2952 aar,
486 2894 521 2943 br.
540 2897 627 2955 0307,
653 2898 714 2962 lang
729 2899 798 2956 0,18,
823 2906 897 2947 untm
914 2900 994 2958 0,οῊ
1016 2898 1204 2964 umgesclrlagen,
1231 2898 1308 2946 durch
1332 2896 1390 2945 mori
1406 2897 1498 2946 Licher
1516 2896 1575 2963 geht
1594 2897 1631 2945 die
1657 2896 1751 2945 dunkel
1771 2895 1826 2944 wad

153 2962 256 3012 kellroso
279 2963 459 3024 Seideerschnur,
486 2965 558 3014 deren
579 2967 707 3033 Bleisiegel
728 2971 842 3019 uerlorcn.
879 2970 987 3038 Fallung
1010 2970 1053 3020 der
1076 2971 1177 3023 Breven.
1215 2970 1245 3020 In
1270 2971 1313 3019 der
1336 2971 1417 3019 disten
1437 2969 1498 3018 Zeilc
1520 2969 1580 3018 stela
1601 2967 1640 3017 ld·
1662 2983 1728 3033 gans
1752 2967 1822 3027 links,

153 3035 215 3091 Iunii
228 3051 293 3109 ganz
311 3035 387 3092 reckts
403 3053 437 3087 an
454 3036 491 3086 dir
508 3037 589 3086 Κακία
603 3039 710 3105 gerrickr.

893 3374 960 3448 Nr.
992 3378 1076 3450 165.

154 3507 308 3571 Hadrian
325 3506 523 3571 [Vertlzeilt
543 3507 616 3569 dem
632 3505 841 3589 Domkapr'tel
858 3528 918 3570 vem
934 3507 1014 3569 Pisa
1038 3508 1108 3569 eine
1128 3504 1348 3585 arrsfir'lrrlr'clre
1371 3504 1547 3585 Beilegtmg
1568 3502 1673 3564 seines
1687 3499 1824 3563 Streites

241 3597 302 3661 mit
314 3596 376 3660 den
391 3596 549 3660 Minclren
564 3617 624 3659 von
639 3595 707 3658 San
724 3596 863 3659 Russore
879 3595 937 3677 (J).
955 3596 1056 3679 Pisa)
1080 3617 1188 3678 wegen
1203 3596 1289 3658 eines
1313 3594 1437 3657 Tdeiles
1459 3613 1520 3654 von
1544 3589 1672 3654 Tomuli
1694 3591 1702 3629 ¹
1700 3592 1733 3673 ).

774 3713 856 3774 1156
871 3711 957 3785 Juni
978 3713 1008 3772 9.
1048 3710 1212 3773 Benevent.

311 3827 502 3890 ADRIANUS
515 3829 697 3910 episcopus,
721 3849 831 3892 servus
853 3847 1020 3889 servorum
1036 3828 1098 3904 dei,
1122 3826 1249 3889 dilectis
1266 3825 1347 3900 filiis,
1363 3826 1479 3887 LEONI
1495 3822 1769 3903 archipresbitero
1789 3832 1821 3884 et

154 3916 308 3978 universis
324 3917 491 3980 canonicis
506 3917 621 3980 Pisane
638 3917 781 3994 ecclesie,
798 3917 934 3979 salutem
951 3926 983 3979 et
1000 3915 1216 3998 apostolicam
1232 3914 1505 3978 benedictionem.
1526 3911 1618 3976 Sicut
1633 3931 1757 3991 equum
1772 3920 1822 3973 est

153 4016 186 4068 et
209 4005 319 4069 officio
343 4006 496 4088 religioso
520 4007 725 4082 conveniens,
749 4018 784 4069 ut
807 4016 877 4068 orte
901 4006 984 4068 inter
1004 4007 1092 4068 viros
1115 4000 1364 4087 ecclesialsticos
1387 4000 1606 4065 controversie
1629 3999 1747 4062 iuditio
1769 4000 1837 4069 vel,

153 4095 330 4158 concordia
345 4097 564 4171 terminentur,
588 4097 633 4158 ita
656 4096 789 4177 quidem
813 4095 965 4176 equitatis
979 4095 1074 4175 vigor
1096 4105 1129 4157 et
1151 4095 1234 4157 ordo
1258 4094 1360 4174 exigit
1383 4091 1525 4165 rationis,
1548 4098 1592 4164 ut,
1612 4108 1685 4151 cum
1703 4088 1821 4151 fuerint

153 4185 333 4260 terminate,
357 4184 524 4247 firmentur
546 4196 579 4248 et
602 4185 644 4246 ad
667 4195 873 4266 posterorum
889 4186 1079 4246 memoriam
1095 4185 1253 4265 scripture
1267 4183 1389 4264 pagina
1405 4180 1596 4253 muniantur,
1619 4188 1656 4240 ut
1675 4172 1680 4260 Ι
1700 4176 1821 4240 habeat

153 4283 302 4336 secutura
324 4275 506 4356 posteritas,
531 4273 610 4355 quid
634 4275 676 4336 de
699 4294 804 4336 rerum
827 4283 991 4355 gestarum
1015 4284 1125 4336 teneat
1146 4274 1290 4346 veritate,
1314 4272 1395 4334 etin
1412 4268 1687 4349 disceptationem
1711 4266 1820 4328 denuo

154 4363 285 4444 negotia
309 4363 363 4425 illa
386 4384 452 4426 non
475 4364 623 4439 veniant,
658 4384 721 4445 que
744 4384 803 4445 per
826 4363 1065 4444 providentiam
1088 4363 1296 4443 studiumque
1319 4360 1479 4422 maiorum
1509 4356 1608 4420 finem
1640 4375 1820 4437 congruum

154 4463 358 4534 acceperunt.
403 4453 483 4516 Inde
506 4452 668 4533 siquidem
691 4463 748 4529 est,
773 4452 864 4534 quod
883 4449 911 4536 c)
935 4453 1189 4515 controversiam
1212 4451 1308 4525 illam,
1333 4470 1397 4531 que
1419 4443 1542 4533 [su]per
1561 4444 1704 4526 quadam
1728 4453 1820 4547 parte

153 4542 292 4617 Tumuli,
318 4563 380 4623 que
403 4552 452 4605 est
475 4563 495 4604 a
518 4541 606 4603 fossa
629 4563 715 4604 nova
738 4562 840 4623 usque
865 4541 907 4603 ad
929 4540 1066 4616 Arnum,
1096 4552 1128 4604 et
1152 4539 1389 4604 atossaCutii
1413 4535 1581 4619 usquead
1605 4555 1705 4610 mare,
1738 4544 1821 4597 inter

153 4652 212 4694 vos
228 4641 260 4694 et
284 4631 368 4694 filios
391 4641 528 4706 nostros,
545 4631 707 4693 VtTALEtt
726 4628 755 4714 d)
778 4631 935 4694 abbatem
958 4651 997 4692 ac
1013 4630 1192 4692 monachos
1208 4630 1344 4693 ecclesie
1358 4628 1461 4691 sancti
1478 4625 1624 4701 Ruxorii,
1642 4623 1821 4688 dinoscitur

154 4718 332 4803 agitatae),
360 4720 402 4782 ad
432 4720 582 4782 iuditium
613 4715 842 4805 [aposto]latus
874 4721 975 4782 nostri
1008 4719 1175 4800 perlatam,
1207 4718 1412 4781 concorditer
1441 4735 1514 4778 eam
1546 4714 1728 4776 curavimus
1759 4722 1820 4774 ter·

155 4811 277 4872 minare
296 4812 332 4887 e).
379 4809 462 4873 Cum
485 4810 572 4872 enim
596 4820 745 4891 tempore
767 4809 855 4871 bone
879 4809 1035 4870 memorie
1051 4808 1211 4884 Balduini,
1236 4807 1405 4889 quondam
1420 4802 1657 4885 archiepiscopi
1673 4801 1772 4902 vestri
1787 4798 1821 4883 ²),

155 4901 295 4980 quedam
319 4920 394 4981 pars
416 4900 517 4981 ipsius
539 4898 662 4974 tumuli,
691 4918 755 4978 que
778 4908 828 4960 est
850 4919 869 4959 a
892 4898 980 4960 fossa
1002 4896 1127 4961 Salaria
1157 4918 1260 4978 usque
1283 4896 1326 4958 ad
1349 4895 1484 4966 Arnum,
1508 4894 1541 4954 in
1565 4901 1821 4991 controversiam

156 4989 347 5063 devenisset,
381 4989 450 5069 ipse
473 4998 588 5050 contra
610 5008 670 5049 vos
693 4989 725 5049 in
750 5007 847 5049 causa
874 4987 944 5068 ipsa
974 4988 1168 5049 senteutiam
1198 4987 1340 5068 protulit,
1374 5006 1393 5045 a
1417 5003 1481 5064 qua
1511 4989 1672 5042 sententia
1693 5000 1755 5041 vos
1778 4978 1819 5040 ad

154 5079 352 5141 audientiam
385 5077 623 5159 predecessoris
654 5075 755 5138 nostri
787 5096 874 5157 pape
904 5076 1116 5138 INNOCENTII
1145 5076 1334 5157 appellastis
1365 5083 1397 5135 et
1429 5070 1684 5153 appellationem
1715 5069 1820 5150 ipsam

313 5262 338 5315 a)
360 5253 435 5302 Urber
459 5252 511 5301 drm
538 5260 614 5302 ersten
635 5269 647 5300 r
673 5255 757 5301 Rarur
783 5250 847 5300 einer
875 5250 1020 5314 Obrddngr,
1051 5250 1159 5316 ‹ffnbar
1184 5250 1272 5299 eirresi
1406 5250 1432 5311 bt
1463 5247 1573 5296 duhinter
1598 5246 1682 5293 Rnnaer
1708 5243 1769 5291 eines
1795 5258 1818 5290 m

154 5325 179 5379 cl
197 5325 390 5384 Alexanderlld
410 5326 478 5372 1170
488 5324 563 5386 April
571 5327 621 5372 24:
638 5324 705 5388 quod
724 5323 829 5389 qualiter
847 5321 1016 5370 controversia
1034 5321 1078 5369 illa
1097 5336 1146 5386 que
1164 5321 1222 5383 (von
1239 5322 1343 5386 qualiter
1361 5338 1395 5369 an
1413 5321 1562 5385 ausRarur)
1646 5315 1751 5382 ἀμία.
1765 5313 1820 5396 Ill:

154 5396 235 5444 Lir'cke
244 5397 298 5460 fiir
314 5397 447 5445 Abtnamrn
466 5395 632 5460 frer'gelassen,
657 5397 694 5446 dic
710 5396 776 5445 nicht
791 5395 926 5460 arogesitllr
1005 5395 1030 5451 e)
1048 5394 1115 5442 Alex.
1136 5393 1193 5442 III:
1217 5394 1241 5441 in
1259 5393 1384 5457 presentia
1410 5393 1476 5441 bone
1495 5389 1615 5440 memorie
1634 5387 1818 5452 predecessoris

154 5468 232 5516 nostri
250 5468 353 5516 Adriani
376 5482 442 5530 pape
467 5465 625 5534 co[ncordia]
652 5467 723 5518 luerit
739 5466 870 5516 terminata
892 5464 1046 5529 presentibus
1065 5465 1151 5514 litteris
1169 5465 1282 5514 duximus
1307 5464 1474 5514 inserendum.
1511 5461 1586 5511 Cuius
1608 5459 1732 5525 siquidem
1751 5459 1818 5525 [con-

155 5538 251 5606 co]rdie
276 5546 347 5588 tenor
371 5537 410 5586 hic
437 5544 484 5588 est:
512 5538 574 5588 Cum
600 5539 673 5587 enim.
698 5577 749 5584 .--
774 5544 810 5601 ,1)
835 5538 911 5602 Vcrgl.
941 5532 1026 5603 Jaffe',
1055 5538 1112 5600 lr'eg.
1138 5537 1203 5586 6939
1226 5536 1282 5583 und
1302 5535 1339 5584 die
1366 5535 1499 5585 Urkunden
1522 5549 1577 5581 vom
1595 5533 1630 5581 24
1649 5533 1725 5596 April
1745 5534 1816 5590 1170,

153 5627 207 5663 vom
225 5613 261 5661 20
279 5610 408 5660 December
428 5613 490 5659 1105
508 5611 564 5660 und
578 5627 625 5659 von
648 5612 820 5660 tran-11⁵9.
894 5613 919 5671 2)
939 5608 1057 5667 Balduin,
1077 5607 1220 5671 Erebisclros
1232 5623 1278 5656 von
1298 5607 1364 5666 Pisa,
1387 5607 1563 5657 1137-1145.
