3982 6194
418 449 492 530 Ego
516 447 626 513 Guido
650 447 813 530 presbiter
835 446 1008 511 cardinalis
1031 447 1079 510 tit.
1103 448 1207 511 sancti
1232 447 1409 531 Grisogoni
1432 472 1473 513 ss.

419 539 494 619 Ego
517 538 688 600 Rainerius
712 538 874 619 presbiter
896 536 1068 600 cardinalis
1091 538 1139 600 tit.
1163 548 1275 624 sancte
1298 539 1405 626 Prisce
1429 561 1470 603 ss.

375 624 396 709 †
420 628 494 710 Ego
519 626 693 690 Hubaldus
716 626 879 707 presbiter
900 625 1074 689 cardinalis
1097 628 1145 690 tit.
1169 639 1282 690 sancte
1305 629 1461 693 Praxedis
1484 653 1525 695 ss

375 714 396 799 †
419 717 493 798 Ego
517 718 630 779 Petrus
653 717 816 797 presbiter
838 715 1011 779 cardinalis
1034 717 1081 778 tit.
1106 727 1217 780 sancte
1241 714 1390 806 Susanne
1405 741 1446 781 ss.

376 802 397 888 †
420 807 494 888 Ego
518 806 695 887 Gregorius
719 806 877 868 diaconus
901 805 1074 892 cardinalis
1097 818 1285 869 sanctorum
1308 806 1412 889 Sergii
1437 818 1471 870 et
1493 807 1594 871 Bachi
1618 831 1660 873 ss.

374 891 395 977 †
418 896 492 977 Ego
517 897 599 959 Otto
624 896 782 957 diaconus
805 894 978 958 cardinalis
1001 896 1105 957 sancti
1129 895 1262 977 Georgii
1287 898 1329 959 ad
1353 898 1472 960 Velum
1496 919 1630 961 aureum
1653 919 1693 960 ss.

374 981 395 1067 †
418 985 492 1067 Ego
515 984 689 1048 Hubaldus
708 986 736 1061 a)
761 985 918 1048 diaconus
942 984 1117 1046 cardinalis
1140 984 1173 1048 S.
1197 987 1300 1073 Marie
1324 988 1356 1048 in
1379 988 1444 1050 Via
1467 988 1533 1049 lata
1555 1008 1596 1051 ss.

373 1075 395 1152 †
416 1075 489 1155 Ego
514 1073 679 1138 Gerardus
702 1074 860 1137 diaconus
883 1074 1056 1136 cardinalis
1078 1086 1191 1160 sancte
1215 1075 1318 1162 Mariq
1342 1077 1374 1137 in
1386 1077 1563 1139 Dominica
1583 1098 1624 1139 ss.

318 1165 397 1226 Dat.
420 1164 583 1239 Laterani,
608 1184 667 1244 per
690 1183 822 1225 manum
839 1163 985 1239 Gerardi,
1008 1173 1119 1250 sancte
1135 1164 1285 1251 Romane
1309 1164 1444 1251 ecclesie
1468 1167 1640 1247 presbiteri
1664 1166 1836 1229 cardinalis

155 1264 188 1315 et
211 1251 468 1316 bibliothecarii.
499 1267 574 1315 xvu
590 1253 643 1315 Kl.
659 1253 807 1315 Ianuarii.
838 1253 1020 1316 Indictione
1042 1266 1100 1315 v11.
1132 1254 1367 1317 Incamationis
1388 1256 1564 1340 Dominice
1587 1276 1672 1318 anno
1689 1267 1836 1319 MCXL111.

154 1342 372 1407 Pontificatus
394 1362 474 1405 vero
497 1343 611 1404 domni
636 1341 790 1405 Celestini
814 1357 840 1405 11
863 1362 950 1429 pape
974 1362 1060 1404 anno
1083 1345 1201 1424 primo.

327 1457 387 1506 Vier
401 1455 560 1521 Absckn'sten,
585 1455 635 1505 eine
661 1455 713 1519 arcs
736 1455 885 1521 Pergamon,
911 1456 964 1504 ἄνεί
979 1458 1033 1522 aus
1052 1456 1147 1520 Papicr,
1172 1457 1212 1506 des
1233 1459 1336 1507 16-18
1358 1458 1458 1524 Jahrb,
1484 1457 1518 1506 fm
1536 1458 1650 1506 Archiam
1673 1458 1701 1507 dr'
1719 1459 1785 1507 Stolo
1806 1474 1836 1508 zu

156 1527 277 1588 diadem
294 1529 353 1579 und
373 1529 431 1579 eod.
449 1528 523 1578 Mirr.
545 1530 597 1577 650
610 1535 639 1592 p.
658 1528 701 1587 37,
720 1526 754 1576 im
771 1528 885 1578 Archivio
902 1528 975 1594 Regia
992 1544 1022 1577 ru
1045 1528 1153 1594 Vmedig.

917 1811 983 1885 Nr.
1014 1815 1077 1887 48.

159 1944 302 2013 colestia
318 1946 365 2014 II
381 1948 499 2012 m'mmt
517 1944 571 2010 die
593 1942 790 2009 Domkirche
813 1965 874 2008 von
899 1942 1035 2009 Vercelli
1057 1943 1091 2009 a'n
1113 1943 1342 2029 apostolz'sclren
1366 1946 1482 2011 Sclcutz
1504 1945 1573 2009 und
1592 1946 1742 2031 bestatzjgt
1766 1948 1836 2012 ilrre

768 2032 1006 2099 Besa'tztlu't'mer
1019 2033 1089 2099 und
1102 2035 1227 2099 Rechte.

745 2154 830 2214 1144
856 2151 992 2226 Januar
1016 2155 1044 2215 1.
1090 2153 1241 2216 Lateran.

318 2269 499 2334 Celestinus
519 2270 704 2350 episcopus,
728 2289 839 2332 servus
855 2289 1021 2332 servorum
1046 2269 1107 2344 dei,
1132 2268 1259 2332 dilectis
1275 2267 1357 2343 filiis,
1374 2267 1546 2331 Abraham
1563 2269 1835 2350 archipresbitero

154 2370 187 2422 et
209 2360 382 2422 canonicis
405 2360 537 2422 maioris
560 2359 777 2421 Vercellensis
800 2360 946 2446 ecclesie,
979 2369 1047 2422 tam
1069 2358 1275 2441 presentibus
1300 2378 1399 2438 quam
1422 2357 1544 2433 futuris,
1580 2360 1738 2422 canonice
1761 2359 1835 2422 sub·

154 2449 331 2512 stituendis
361 2463 400 2513 ΙΝ
424 2463 500 2511 ΡΡΜ.
523 2443 592 2532 -l
627 2448 792 2529 Equitatis
824 2458 858 2511 et
887 2450 1008 2535 iustitie
1038 2449 1121 2512 ratio
1155 2446 1331 2530 persuadet
1361 2467 1437 2522 nos,
1474 2447 1618 2510 ecclesiis
1641 2459 1835 2530 perpetuam

154 2559 263 2601 rerum
286 2558 419 2601 suarum
448 2537 634 2601 firmitatem
666 2548 699 2600 et
720 2539 842 2619 vigoris
873 2538 1056 2601 inconcussi
1089 2538 1291 2600 munimenta
1314 2537 1471 2599 conferre.
1517 2537 1594 2599 Non
1619 2539 1705 2601 enim
1729 2539 1834 2614 decet,

156 2629 303 2704 clericos,
335 2630 369 2691 in
391 2638 513 2691 sortem
539 2628 664 2690 domini
688 2624 880 2711 evocatos!
914 2629 1075 2709 perversis
1106 2628 1265 2690 malorum
1287 2627 1458 2688 hominum
1482 2627 1640 2689 molestiis
1664 2629 1778 2709 agitari
1803 2637 1836 2690 et

154 2718 337 2780 temerariis
361 2716 583 2798 quorumlibet
604 2717 835 2779 vexationibus
860 2716 996 2798 fatigare
1015 2717 1053 2795 b).
1099 2717 1255 2780 Similiter
1278 2727 1311 2779 et
1341 2715 1470 2797 predia,
1495 2716 1606 2778 usibus
1637 2727 1836 2780 secretorum

156 2808 328 2870 celestium
352 2807 512 2882 dedicata,
545 2805 648 2869 nullas
679 2816 853 2887 potentum
885 2808 1035 2888 angarias
1059 2806 1157 2869 nichil
1182 2806 1306 2869 debent
1329 2816 1420 2868 extra
1445 2806 1644 2868 ordinarium
1667 2807 1834 2869 sustinere.

155 2897 355 2979 Eapropter,
387 2895 497 2958 dilecti
521 2896 553 2957 in
578 2896 714 2957 domino
738 2895 803 2971 filii,
835 2897 949 2958 vestris
973 2896 1064 2959 iustis
1092 2895 1369 2977 postulationibus
1401 2895 1578 2958 clementer
1607 2896 1779 2958 annuimus
1803 2905 1836 2958 ct

156 2986 244 3049 beati
261 2985 398 3049 Eusebii
413 2983 657 3048 Vercellensem
681 2984 862 3061 ecclesiam,
886 2986 1001 3066 inqua
1024 2985 1136 3047 divino
1160 2984 1337 3066 mancipati
1363 2986 1440 3047 estis
1464 2984 1635 3065 obsequio,
1660 2985 1721 3047 sub
1745 2985 1835 3048 beati

156 3076 241 3138 Petri
277 3085 312 3138 et
348 3084 461 3138 nostra
494 3075 701 3155 protectione
743 3075 937 3156 suscipimus
971 3085 1004 3137 et
1038 3075 1198 3156 presentis
1232 3074 1343 3154 scripti
1379 3073 1550 3155 privilegio
1586 3075 1835 3137 communimus.

156 3164 357 3240 StatuenteS,
392 3174 428 3226 ut
459 3183 683 3245 quascumque
713 3165 947 3244 possessiones,
980 3183 1186 3245 quecumque
1218 3163 1308 3225 bona
1338 3162 1455 3225 eadem
1486 3163 1625 3249 ecclesia
1647 3165 1680 3225 in
1704 3183 1834 3245 presen-

157 3255 275 3316 tiarum
307 3255 392 3318 iuste
423 3261 457 3316 et
487 3253 645 3315 canonice
679 3253 828 3333 possidet
858 3263 914 3315 aut
936 3254 968 3315 in
1001 3253 1142 3316 futurum
1173 3253 1386 3315 concessione
1417 3252 1627 3333 pontificum,
1661 3252 1835 3334 largitione

157 3363 270 3425 regum
293 3342 348 3405 vel
377 3343 569 3425 principum,
600 3341 769 3405 oblatione
802 3341 947 3406 fidelium
978 3363 1034 3405 seu
1070 3343 1141 3404 aliis
1172 3342 1262 3404 iustis
1291 3341 1398 3403 modis
1434 3342 1498 3404 deo
1529 3342 1675 3423 propitio
1713 3343 1836 3424 poterit

157 3432 306 3514 adipisci,
338 3432 432 3494 firma
461 3432 557 3493 vobis
589 3432 769 3512 vestrisque
798 3432 1039 3494 successoribus
1063 3443 1096 3493 et
1119 3452 1178 3513 per
1199 3452 1260 3493 vos
1283 3431 1390 3493 eidem
1422 3430 1558 3493 ecclesie
1582 3432 1614 3493 iu
1639 3441 1834 3513 perpetuum

159 3533 192 3584 et
214 3521 343 3585 illibata
365 3532 589 3603 permaneant.
621 3519 657 3581 ln
683 3520 801 3601 quibus
824 3521 885 3605 hec
901 3523 1042 3603 propriis
1066 3521 1218 3583 duximus
1242 3520 1458 3600 exprimenda
1479 3518 1661 3583 vocabulis:
1686 3530 1834 3583 montem

159 3611 289 3675 Galiani
313 3631 389 3673 cum
412 3609 612 3691 appenditiis
635 3610 708 3684 suis,
732 3620 865 3690 portum
888 3610 989 3684 Sarvi,
1015 3610 1171 3691 quicquid
1195 3610 1227 3671 in
1252 3619 1341 3671 curte
1365 3608 1531 3672 Carisiana
1554 3619 1587 3672 et
1609 3608 1727 3677 Uliaco
1751 3611 1834 3673 iuste

159 3701 299 3765 habetis,
344 3700 495 3763 Preterea
524 3700 675 3779 antiquas
707 3709 740 3760 et
770 3699 980 3761 rationabiles
1010 3699 1262 3761 consuetudines
1295 3698 1396 3780 ipsius
1426 3699 1562 3761 ecclesie
1593 3708 1679 3762 ratas
1703 3720 1834 3764 manere

159 3810 339 3853 censemus.
384 3785 581 3851 Sanctorum
614 3808 746 3869 quoque
778 3798 908 3869 patrum
939 3789 1167 3850 auctoritatem
1197 3799 1371 3869 sequentes
1401 3789 1572 3863 sancimus,
1604 3799 1639 3850 ut
1671 3789 1776 3852 nullus
1800 3791 1833 3852 in

158 3880 277 3942 eadem
306 3878 453 3964 ecclesia,
486 3878 547 3939 nisi
581 3878 746 3940 communi
779 3878 913 3940 fratrum
936 3878 988 3940 vel
1018 3879 1155 3940 sanioris
1179 3877 1280 3959 partis
1304 3875 1440 3940 consilio
1465 3877 1641 3940 canonicus
1664 3889 1832 3956 statuatur,

158 3989 217 4032 nec
241 3968 417 4032 cuiuslibet
440 3967 649 4029 ecclesiastici
675 3967 775 4029 officii
803 3967 1053 4029 amministratio
1075 3962 1101 4050 ο)
1124 3967 1218 4029 alicui
1243 3967 1474 4029 committatur.
1505 3967 1721 4030 Decemimus
1744 3989 1832 4050 erg0,

157 4067 192 4121 ut
214 4058 296 4120 nulli
328 4057 464 4120 omnino
497 4056 668 4118 hominum
699 4055 803 4131 liceat,
837 4056 999 4138 prefatam
1032 4056 1204 4119 ecclesiam
1227 4066 1349 4118 temere
1373 4055 1563 4137 perturbare
1587 4066 1642 4119 aut
1666 4058 1734 4120 eius
1757 4078 1832 4139 pos-

157 4149 320 4211 sessiones
353 4146 478 4208 auferre
500 4145 553 4207 vel
584 4145 711 4207 ablatas
735 4146 881 4220 retinere,
912 4146 1057 4208 minuere
1081 4156 1136 4207 aut
1159 4144 1322 4225 aliquibus
1345 4144 1576 4208 vexationibus
1600 4145 1751 4228 fatigare,
1783 4157 1834 4211 set

157 4238 269 4299 omnia
293 4238 421 4318 integra
444 4244 676 4297 conserventur
698 4255 819 4310 eorum,
851 4255 912 4317 pro
937 4255 1076 4316 quorum
1098 4234 1336 4315 gubernatione
1360 4245 1394 4297 et
1415 4235 1653 4298 sustentatione
1677 4257 1833 4301 concessa

156 4337 238 4402 sunt,
264 4325 378 4388 usibus
401 4323 600 4387 omnimodis
631 4323 800 4404 profutura
829 4323 920 4386 salva
949 4324 1037 4386 sedis
1066 4323 1248 4404 apostolice
1281 4325 1484 4387 auctoritate.
1532 4322 1566 4387 Si
1592 4345 1656 4405 qua
1680 4327 1777 4407 igitur
1799 4328 1832 4389 in

157 4415 300 4478 futurum
320 4413 540 4477 ecclesiastica
555 4412 748 4475 secularisve
763 4433 915 4494 persona,
930 4412 1015 4475 hanc
1031 4423 1141 4475 nostre
1158 4413 1399 4476 constitutionis
1415 4414 1571 4495 paginam
1587 4415 1702 4491 sciens,
1719 4426 1834 4479 contra

157 4526 228 4567 eam
244 4516 370 4568 temere
385 4504 495 4566 venire
511 4503 729 4583 temptaverit,
753 4501 899 4587 secundo
916 4502 1053 4565 tertiove
1077 4503 1288 4578 commonita,
1312 4503 1338 4564 si
1360 4523 1426 4565 non
1443 4502 1666 4566 satisfactione
1689 4525 1834 4586 congrua

155 4594 393 4668 emendaverit,
428 4592 602 4674 potestatis
635 4590 835 4673 honorisque
869 4592 917 4653 sui
951 4591 1110 4672 dignitate
1143 4600 1252 4654 careat
1291 4611 1447 4673 reamque
1495 4612 1529 4654 se
1565 4592 1676 4655 divino
1711 4594 1832 4658 iudicio

96 4671 100 4690 ’
155 4686 296 4747 existere
321 4683 363 4745 de
393 4691 582 4763 perpetrata
606 4681 776 4761 iniquitate
800 4690 987 4761 cognoscat,
1020 4690 1052 4743 et
1076 4702 1095 4742 a
1125 4681 1344 4743 sacratissimo
1373 4701 1512 4763 corpore
1535 4701 1573 4744 ac
1596 4683 1755 4763 sanguine
1779 4684 1832 4747 dei

155 4785 187 4837 et
210 4773 349 4847 domini,
373 4771 590 4852 redemptoris
613 4770 714 4832 nostri
730 4770 801 4832 Iesu
819 4768 946 4845 Christi,
971 4769 1158 4845 alienafiat,
1182 4780 1281 4851 atque
1298 4771 1330 4832 in
1347 4780 1495 4833 extremo
1512 4772 1663 4834 examine
1687 4772 1833 4836 districte

155 4863 268 4926 ultioni
293 4861 473 4925 subiaceat.
520 4858 653 4922 Cunctis
676 4869 801 4934 autem,
832 4858 941 4921 eidem
965 4860 1039 4921 loco
1063 4860 1147 4921 iusta
1169 4860 1382 4935 servantibus
1407 4861 1448 4923 sit
1470 4881 1539 4942 pax
1562 4860 1686 4923 domini
1712 4860 1827 4941 nostril

153 4953 224 5016 Iesu
241 4951 374 5026 Christi,
400 4950 551 5030 quatinus
567 4960 600 5011 et
616 4947 669 5009 hic
686 4947 825 5010 fructum
848 4948 936 5011 bone
960 4948 1098 5011 actionis
1121 4949 1305 5030 percipiant
1321 4960 1354 5012 et
1369 4950 1458 5032 apud
1483 4949 1665 5013 districtum
1689 4951 1832 5014 iudicem

154 5044 280 5124 premia
305 5051 418 5129 eterne
442 5039 532 5120 pacis
556 5038 731 5100 inveniant.
777 5036 897 5100 Arnen.
942 5037 1063 5100 A-m.
1109 5037 1228 5100 Amen.
1252 5072 1296 5083 -

371 5125 433 5208 (R)
456 5129 528 5209 Ego
553 5126 734 5189 Celestiuus
759 5125 921 5215 catholice
944 5127 1080 5215 ecclesie
1104 5128 1280 5210 episcopus
1302 5149 1343 5191 ss.
1369 5126 1436 5210 (M)

370 5214 390 5301 †
414 5217 487 5298 Ego
511 5215 682 5279 Conradus
704 5215 897 5279 Sabinensis
921 5217 1096 5298 episcopus
1119 5238 1160 5278 ss.

369 5303 390 5389 'r
413 5307 487 5388 Ego
510 5305 752 5368 Theodewinus
775 5314 887 5369 sancte
910 5305 1027 5369 Rufine
1051 5307 1226 5388 episcopus
1249 5328 1290 5369 ss.
1314 5303 1367 5390 (3)

368 5397 389 5475 †
412 5397 485 5479 Ego
509 5395 632 5457 lmarus
655 5394 859 5459 Tusculanus
882 5397 1058 5478 episcopus
1081 5417 1122 5458 ss.

368 5487 389 5564 †
410 5486 485 5567 Ego
507 5485 621 5548 Petrus
645 5482 847 5548 Albanensis
870 5487 1046 5567 episcopus
1069 5506 1109 5547 ss.
1134 5480 1182 5568 (5)

151 5620 553 5633 -—-——-·-——---—-—
560 5619 581 5626 κ

312 5680 340 5748 a)
360 5680 516 5730 Rombaldus
540 5677 595 5730 Ven.
669 5678 697 5746 b)
715 5679 791 5728 barser
808 5679 907 5744 fatigari
979 5681 1003 5742 c)
1022 5679 1056 5729 im
1074 5693 1086 5728 r
1103 5677 1222 5744 comgirt.
