3982 6194
155 236 195 296 82

154 421 361 483 advocatiam
383 421 486 482 sancti
503 421 646 483 Naboris
670 420 801 483 redacta
824 430 881 495 est,
907 441 970 502 que
993 421 1104 483 omnia
1119 442 1179 502 per
1201 419 1347 482 eiusdem
1362 419 1598 502 archiepiscopi
1623 416 1819 482 sententiam

153 509 260 572 eidem
284 510 442 590 episcopo
467 509 653 572 adiudicata
674 520 758 572 sunt
788 506 847 572 Set
863 531 937 572 cum
952 510 1136 573 huiusmodi
1160 512 1320 572 sententie
1344 510 1517 571 occasione
1539 511 1581 572 de
1597 511 1707 590 capite
1723 511 1818 584 curie,

154 598 300 661 districto
324 608 356 661 et
379 598 504 661 honore
528 599 570 660 de
592 599 732 661 Plazano
756 600 918 661 sententia
940 600 1089 680 nequiter
1110 600 1232 680 scripta
1261 609 1354 673 esset,
1385 606 1418 659 et
1448 619 1545 661 causa
1575 600 1649 680 ipsa
1678 598 1721 660 ad
1750 618 1820 678 pre

154 687 333 750 decessoris
363 688 473 763 nostri,
504 688 605 750 felicis
628 689 784 750 memorie
816 708 903 768 pape
933 689 1035 764 Lucii,
1067 689 1222 751 noticiam
1252 689 1469 768 pervenisset,
1501 688 1699 750 sententiam
1732 686 1820 748 illam

153 777 317 857 scriptam,
340 777 486 838 eiusdem
502 775 739 858 archiepiscopi
763 777 951 839 testimonio
969 777 1080 839 fraude
1099 775 1129 857 ²)
1145 789 1178 840 et
1194 777 1272 838 dolo
1288 776 1453 857 scriptoris
1477 776 1606 850 factam,
1629 776 1821 857 recognovit

154 875 252 946 atque
273 866 383 946 scripti
406 867 453 927 sui
479 867 670 928 auctoritate
692 866 848 947 precepit,
873 876 908 928 ut
923 868 1084 929 sententia
1107 867 1148 928 de
1165 878 1213 927 V11
1237 866 1361 946 campis
1377 865 1419 926 de
1434 877 1484 926 vll
1499 864 1714 927 sediminibus
1730 872 1765 926 et
1780 864 1820 926 de

154 955 339 1029 advocacia,
364 954 405 1017 ab
430 955 548 1016 eodem
571 955 818 1036 archiepiscopo
843 955 928 1028 data,
952 966 1129 1028 teneretur;
1159 965 1267 1016 cetera
1291 974 1378 1029 vero,
1402 953 1578 1034 dequibus
1599 950 1729 1035 questio
1747 973 1819 1034 age·

154 1042 256 1118 batur,
282 1043 313 1104 in
329 1044 492 1123 presentia
507 1043 699 1106 venerabilis
717 1043 821 1106 fratris
837 1045 937 1105 nostri
954 1044 1146 1122 Llitefredi),
1170 1044 1379 1105 Novariensis
1399 1043 1547 1123 episcopi
1567 1043 1599 1119 ¹),
1623 1041 1689 1104 fine
1705 1042 1819 1104 debito

153 1132 409 1194 terminarentur.
456 1132 515 1195 Set
531 1133 606 1213 quia
622 1134 654 1195 in
677 1133 822 1194 eiusdem
845 1134 991 1214 episcopi
1015 1133 1178 1214 presentia
1201 1152 1298 1194 causa
1318 1133 1389 1213 ipsa
1419 1133 1581 1193 terminari
1606 1151 1674 1193 non
1703 1132 1819 1212 potuit,

154 1220 196 1283 ab
221 1221 339 1282 eodem
363 1223 521 1302 episcopo
545 1221 586 1283 ad
603 1221 719 1303 prefati
737 1222 975 1302 predecessoris
991 1224 1093 1284 nostri
1109 1222 1307 1303 presentiam
1323 1221 1500 1301 apellatum
1516 1229 1573 1295 est,
1597 1240 1664 1300 quo
1681 1221 1819 1293 interim,

154 1311 236 1371 sicut
260 1310 394 1372 domino
418 1310 548 1391 placuit,
572 1311 659 1372 viam
683 1311 829 1372 universe
852 1312 955 1373 carnis
979 1312 1133 1391 ingresso,
1156 1318 1279 1372 statuto
1303 1311 1451 1384 termin0‚
1481 1319 1593 1371 nostro
1618 1309 1819 1389 conspectui,

155 1399 218 1479 qui,
241 1398 317 1460 licet
340 1399 476 1479 indigni,
501 1399 562 1480 ipsi
585 1400 805 1474 successimus,
829 1420 888 1462 vos
911 1401 1130 1481 presentastis.
1176 1400 1249 1480 lpse
1265 1419 1342 1461 vero
1366 1400 1540 1479 episcopus
1564 1418 1624 1460 nec
1646 1398 1740 1459 venit
1762 1417 1820 1459 nec

155 1488 242 1573 misit
277 1507 337 1549 nec
373 1487 515 1569 aliquam
547 1489 792 1550 excusationem
822 1489 995 1569 pretendit.
1041 1489 1139 1553 Unde
1172 1509 1232 1549 nos
1263 1489 1369 1567 ipsum
1400 1489 1515 1549 iterato
1546 1488 1588 1549 ad
1620 1487 1819 1568 presentiam

154 1586 299 1639 nostram
322 1577 536 1652 evocavimus,
560 1587 609 1639 set
633 1598 693 1639 nec
708 1577 797 1640 venit
819 1598 880 1640 nec
903 1598 937 1640 se
954 1579 1109 1640 canonice
1130 1578 1306 1640 excusavit.
1345 1576 1428 1640 Cum
1444 1577 1554 1656 itaque
1570 1577 1671 1638 tercio
1688 1595 1708 1637 a
1725 1575 1820 1637 nobis

154 1677 288 1727 vocatus
312 1685 372 1728 nec
401 1666 542 1728 venisset
564 1686 624 1728 nec
651 1687 686 1728 se
710 1667 867 1729 canonice
890 1677 1099 1740 excussasset,
1123 1688 1184 1747 pro
1208 1673 1399 1745 contemptu
1423 1675 1456 1726 et
1472 1664 1697 1727 inobedientia
1712 1665 1819 1745 ipsum

155 1754 197 1815 ab
220 1754 325 1816 osfitio
342 1754 520 1836 episcopali
537 1755 773 1836 suspendimus.
818 1756 968 1818 Tandem
983 1776 1060 1818 vero
1076 1775 1134 1818 sua
1157 1766 1190 1818 et
1213 1755 1400 1817 clericorum
1424 1774 1555 1816 suorum
1579 1753 1709 1816 malicia
1732 1754 1819 1814 solus

154 1844 252 1916 venit,
282 1854 332 1905 set
354 1864 451 1924 super
478 1845 593 1906 eadem
622 1844 842 1906 controversia
873 1865 932 1907 nec
955 1865 1050 1925 agere
1074 1866 1134 1907 nec
1158 1844 1355 1925 respondere
1379 1844 1493 1905 ordine
1516 1842 1684 1904 iudiciario
1707 1842 1818 1917 voluit,

44 1990 45 1994 ,
154 1942 187 1994 et
210 1933 285 1994 licet
308 1953 368 1994 nos
391 1953 451 2013 pro
476 1943 543 1995 tam
576 1933 747 1996 manifesta
778 1935 923 2014 nequitia
952 1953 1084 2014 gravem
1117 1935 1149 1995 in
1180 1953 1254 1995 eum
1286 1953 1328 1994 ex
1357 1933 1462 2013 rigore
1494 1933 1617 1994 iusticie
1647 1951 1818 2011 possemus

154 2022 326 2102 protulisse
349 2023 552 2098 sententiam,
577 2043 618 2084 ex
643 2023 889 2085 mansuetudine
905 2033 1014 2085 tamen
1030 2024 1117 2085 sedis
1133 2022 1313 2104 apostolice
1329 2022 1436 2102 ipsum
1452 2031 1529 2083 ωηο
1544 2020 1817 2102 supportavimus,

154 2111 227 2172 viva
251 2111 346 2191 igitur
367 2131 449 2172 voce
472 2111 697 2192 precipientes,
722 2121 756 2172 ut
779 2113 811 2173 in
835 2112 1008 2175 festivitate
1032 2112 1178 2174 omnium
1201 2120 1395 2185 sanctorum,
1420 2122 1497 2173 ωηο
1517 2111 1708 2183 imminenti,
1734 2129 1818 2171 nunc

154 2219 231 2261 vero
255 2200 408 2280 preterita
430 2220 527 2280 super
549 2200 664 2262 eadem
687 2201 917 2279 controversia,
940 2219 1004 2279 que
1033 2202 1115 2262 inter
1137 2221 1197 2263 vos
1220 2210 1252 2261 et
1276 2201 1381 2280 ipsum
1406 2200 1519 2280 agitur,
1543 2209 1676 2281 paratus
1699 2199 1817 2280 agendi

155 2299 188 2350 et
211 2289 431 2370 respondendi
456 2298 567 2351 nostro
591 2309 626 2350 se
649 2290 839 2370 conspectui
863 2300 1072 2370 presentaret‚
1105 2298 1145 2364 et,
1175 2291 1200 2351 si
1233 2295 1311 2350 tunc
1334 2308 1401 2350 non
1423 2289 1555 2363 veniret,
1584 2308 1703 2349 vocem
1727 2308 1817 2350 suam

153 2378 186 2439 in
210 2398 307 2440 causa
330 2378 390 2439 ista
413 2377 543 2439 ulterius
574 2398 639 2440 non
663 2379 907 2441 admitteremus
938 2390 971 2441 et
997 2399 1056 2440 vos
1087 2378 1129 2440 ab
1153 2379 1362 2459 impeticione
1385 2398 1443 2439 sua
1465 2398 1563 2458 super
1592 2376 1657 2438 hoc
1681 2378 1816 2439 omnino

154 2466 404 2529 absolveremus,
450 2466 579 2529 Statuto
611 2487 688 2529 vero
719 2468 867 2542 termino,
897 2479 930 2529 et
962 2476 1038 2548 post
1068 2468 1241 2530 terminum
1264 2479 1338 2528 xxv
1369 2466 1485 2529 diebus
1515 2476 1548 2528 et
1577 2466 1727 2546 amplius,
1759 2486 1816 2528 nec

154 2557 224 2636 ipse
247 2575 307 2617 nec
331 2555 446 2635 aliquis
469 2576 529 2636 pro
552 2555 715 2618 Laudensi
742 2557 878 2618 ecclesia
905 2558 993 2618 venit
1024 2576 1083 2618 nec
1111 2557 1252 2636 aliquam
1284 2557 1528 2618 excusationem
1559 2555 1736 2636 pretendit,
1768 2566 1817 2618 set

154 2665 189 2706 se
205 2645 365 2706 malitiose
381 2654 413 2706 et
429 2645 664 2707 contumaciter
678 2644 869 2707 absentavit.
900 2643 970 2707 Nos
987 2647 1097 2726 itaque
1113 2646 1352 2707 contumaciam
1368 2664 1460 2706 suam
1475 2645 1670 2725 impunitam
1687 2645 1816 2706 ulterius

154 2754 220 2795 non
244 2733 406 2806 ferrentes,
430 2734 669 2796 communicato
694 2733 826 2796 fratrum
850 2745 1034 2797 nostrorum
1058 2734 1202 2808 consilio,
1228 2735 1269 2796 ab
1287 2734 1491 2815 impetitione
1507 2734 1654 2795 eiusdem
1670 2733 1815 2815 episcopi

153 2830 186 2883 et
209 2822 354 2884 omnium
377 2821 566 2884 clericorum
588 2843 727 2897 suorum,
752 2823 805 2904 qui
823 2843 908 2885 nunc
931 2825 964 2885 in
980 2823 1096 2885 eadem
1112 2823 1250 2885 ecclesia
1273 2824 1413 2885 ordinati
1429 2832 1512 2897 sunt,
1535 2843 1634 2903 super
1655 2824 1814 2898 omnibus,

154 2909 197 2973 ad
213 2912 334 2973 curiam
351 2911 392 2972 de
407 2911 546 2973 Plazano
562 2912 808 2992 pertinentibus,
833 2912 918 2974 unde
935 2913 1155 2975 controversia
1171 2913 1293 2993 agitata
1309 2921 1365 2987 est,
1390 2912 1524 2974 omnino
1540 2932 1600 2974 vos
1616 2911 1814 2974 absolvimus

155 3001 266 3081 eisque
289 3007 483 3081 perpetuum
505 3001 669 3062 silentium
691 3001 913 3082 imposuimus.
937 3037 975 3045 -
1003 3002 1079 3064 Dat.
1103 2999 1240 3076 Viterbi,
1264 3016 1313 3061 1111
1337 3003 1389 3063 Kl.
1414 3000 1616 3063 Decembris.

314 3113 389 3177 Kepic
404 3113 444 3162 des
463 3118 496 3163 14
517 3113 617 3179 Jahrlc,
636 3114 669 3163 im
688 3114 801 3164 Archebie
819 3115 846 3163 di
862 3115 928 3164 State
945 3131 975 3163 au
992 3114 1115 3164 Mailend.

902 3398 968 3472 Nr.
999 3402 1061 3472 81.

156 3531 268 3612 Eugen
293 3529 357 3594 III
375 3526 492 3592 m'mmt
520 3529 574 3592 die
603 3525 874 3612 Kollegiatkirclte
902 3549 963 3592 von
1003 3529 1176 3610 Wndberg
1195 3527 1256 3609 (D.
1281 3528 1508 3614 Regensburg)
1533 3530 1567 3593 in
1588 3531 1815 3614 aprvtoleschen

454 3617 571 3681 Schute
586 3617 654 3681 und
671 3617 820 3701 bestdte'gt
842 3618 911 3681 e'lzre
934 3618 1169 3682 Besitetlnlmer
1190 3617 1260 3680 und
1282 3617 1516 3683 Gereelrtsame.

727 3737 810 3796 1146
824 3733 999 3797 December
1012 3736 1067 3795 23.
1115 3731 1245 3796 Viterbo.

313 3849 478 3931 Eugenius
507 3849 690 3931 episcopus,
722 3871 832 3913 servus
863 3871 1029 3913 servorum
1060 3849 1121 3926 dei,
1155 3851 1282 3912 dilectis
1311 3848 1384 3911 filiis
1408 3849 1615 3926 Gebehard0‚
1647 3854 1816 3934 preposito

155 3942 291 4028 ecclesie
324 3941 365 4002 de
398 3937 621 4019 Winihtberg,
661 3939 793 4020 eiusque
824 3939 989 4015 fratribuS,
1021 3949 1087 4001 tam
1119 3938 1324 4020 presentibus
1355 3959 1453 4019 quam
1485 3938 1605 4015 suturis,
1638 3944 1816 4023 regularem

155 4031 256 4093 vitam
279 4027 434 4111 professis
453 4039 491 4088 IN
507 4038 584 4088 PPM.
599 4061 642 4071 -
662 4022 666 4110 Ι
687 4028 893 4091 Desiderium
917 4030 1006 4109 quod
1023 4024 1048 4111 ’)
1073 4074 1236 4090 ......
1261 4028 1434 4090 inveniant.
1480 4027 1555 4091 Am.
1579 4028 1656 4093 Am.
1680 4031 1758 4093 Am.
1776 4066 1818 4077 —

367 4116 422 4194 (R)
446 4113 519 4196 Ego
542 4116 707 4195 Eugenius
730 4117 888 4203 catholice
911 4118 1046 4202 ecclesie
1070 4117 1244 4198 episcopus
1266 4137 1308 4178 ss.
1332 4117 1393 4196 (M)

367 4202 387 4283 †
410 4204 483 4285 Ego
506 4203 745 4267 Theodewinus
768 4216 879 4268 sancte
902 4204 1056 4291 Ruphine
1079 4207 1254 4287 episcopus
1277 4226 1317 4268 ss.
1343 4207 1389 4285 (1)

366 4290 386 4374 †
409 4293 483 4374 Ego
506 4291 629 4354 Imarus
651 4293 853 4357 Tusculanus
876 4296 1050 4375 episcopus
1073 4315 1113 4356 ss.
1136 4291 1183 4378 (4)

365 4416 409 4426 -
432 4378 452 4462 †
475 4383 548 4463 Ego
572 4381 642 4445 GG.
666 4382 872 4464 (Gregorius)
896 4384 1056 4463 presbiter
1078 4384 1249 4446 cardinalis
1272 4384 1355 4447 tituli
1379 4381 1503 4445 Kalixti
1527 4405 1568 4447 ss.

366 4468 386 4552 †
408 4470 482 4551 Ego
507 4471 606 4533 Wido
630 4472 790 4551 presbiter
812 4472 982 4535 cardinalis
1006 4473 1088 4534 tituli
1113 4473 1215 4535 sancti
1240 4472 1411 4554 Crisogoni
1434 4489 1474 4534 ss.

365 4556 386 4640 †
410 4559 482 4640 Ego
506 4559 677 4622 Vubaldus
700 4561 861 4641 presbiter
882 4561 1058 4623 kardinalis
1081 4562 1128 4623 tit.
1151 4561 1304 4624 Iohannis
1328 4572 1360 4624 et
1383 4561 1470 4623 Pauli
1495 4581 1535 4622 ss.
1561 4560 1612 4643 (1)

365 4644 385 4728 †
408 4649 481 4729 Ego
505 4648 676 4711 Aribertus
699 4649 860 4729 presbiter
882 4651 1053 4712 cardinalis
1076 4650 1158 4712 tituli
1183 4661 1294 4712 sancte
1317 4650 1491 4711 Anastasie
1515 4670 1556 4710 ss.

366 4733 385 4818 †
409 4737 481 4817 Ego
505 4737 602 4798 Iulius
625 4737 787 4817 presbiter
808 4739 984 4801 kardinalis
1007 4740 1054 4802 tit.
1077 4740 1179 4801 sancti
1204 4739 1348 4801 Marcelli
1372 4759 1412 4800 ss.
1437 4736 1484 4817 (1)

365 4860 409 4869 -
431 4822 452 4906 †
475 4825 547 4906 Ego
572 4826 673 4889 Oddo
698 4827 853 4891 diaconus
876 4828 1051 4889 kardinalis
1074 4828 1177 4890 sancti
1202 4828 1332 4908 Georgii
1358 4826 1399 4888 ad
1416 4824 1535 4888 Velum
1557 4846 1690 4890 aureum
1714 4852 1755 4893 ss.
1772 4836 1819 4910 (1)

366 4910 385 4995 †
409 4915 481 4994 Ego
505 4914 613 4977 Guido
638 4915 670 4976 in
694 4916 844 4978 Romana
868 4916 1004 4979 ecclesia
1027 4918 1135 4979 altaris
1159 4917 1304 4978 minister
1327 4916 1478 4996 indignus
1501 4936 1542 4978 ss
1566 4915 1613 4999 (1)

365 4998 385 5082 †
408 5002 481 5083 Ego
505 5001 665 5065 Iohannes
690 5005 844 5068 diaconus
868 5007 1039 5068 cardinalis
1062 5016 1173 5068 sancte
1197 5006 1299 5067 Marie
1323 5005 1418 5066 Nove
1441 5025 1481 5066 ss.
1507 5005 1554 5084 (1)

365 5087 385 5171 †
408 5092 481 5173 Ego
505 5091 614 5155 Guido
639 5092 795 5156 diaconus
818 5094 992 5157 kardinalis
1016 5106 1127 5181 sancte
1151 5094 1253 5178 Marie
1277 5095 1309 5155 in
1332 5093 1460 5155 Porticu
1483 5115 1524 5155 ss.
1549 5096 1595 5173 (1)

312 5179 388 5241 Dat.
412 5181 547 5254 Viterbi,
572 5201 631 5262 per
653 5202 785 5244 manum
808 5183 977 5260 Guidonis,
1005 5195 1116 5269 sancte
1139 5184 1289 5269 Romane
1319 5183 1454 5268 ecclesie
1486 5183 1615 5245 diaconi
1645 5184 1819 5248 cardinalis

153 5275 186 5328 et
209 5266 400 5330 cancellarii.
447 5282 470 5329 x
494 5269 635 5331 Kl.1an.
681 5271 863 5335 Indictione
885 5287 918 5335 x.
964 5272 1198 5336 incarnationis
1223 5272 1385 5358 dominice
1409 5292 1494 5333 anno
1518 5282 1662 5335 Mchvl.
1709 5274 1818 5337 Ponti·

153 5353 267 5417 ficatus
290 5376 368 5418 vero
392 5357 505 5420 domni
529 5359 670 5439 EUgenii
694 5376 732 5420 111
754 5381 810 5442 pp.
835 5382 921 5424 anno
945 5363 1099 5425 secundo.
1124 5396 1167 5406 —

311 5532 336 5596 a)
356 5531 467 5592 fraudus3
494 5533 610 5583 vr'elleickt
632 5535 694 5583 euch
713 5535 839 5586 fraudibus
856 5553 886 5585 eu
903 5539 972 5586 lesere.
992 5576 1042 5581 -.-.
1065 5539 1100 5596 .1l
1119 5536 1266 5601 Litisredus,
1296 5536 1399 5601 Bisclws
1419 5553 1466 5585 ven
1493 5536 1607 5597 Novaro,
1638 5538 1818 5588 rrae-1151.

154 5601 180 5668 2)
205 5602 280 5667 Wrgl.
304 5600 382 5668 Jaffl,
402 5606 459 5670 leeg.
479 5606 547 5655 6269
566 5606 621 5654 und
635 5605 721 5670 Migne
740 5607 809 5656 Patr.
831 5610 882 5658 180
895 5616 922 5672 p.
944 5610 1018 5659 1168.
