3982 6194
158 253 195 299 12

154 434 247 489 scuto
277 425 353 506 piae
382 432 513 486 nostrae
544 421 759 504 protectionis
789 420 935 501 undique
966 419 1179 496 muniremus,
1211 420 1373 497 inclinati,
1400 418 1628 503 rogationibus
1657 423 1774 488 vestris
1798 434 1833 487 et

154 513 306 596 Hugonis
346 510 586 593 archiepiscopi
612 511 639 588 ¹)
680 531 741 593 per
774 510 973 592 legationem
1015 528 1125 585 suam,
1168 509 1373 590 praedictam
1408 511 1602 574 canonicam
1645 513 1832 594 apostolico

155 604 333 667 munimine
351 598 384 685 ²)
408 600 650 664 defendendam
673 600 867 681 suscipimus
890 609 923 662 et
946 597 1178 662 confirmamus
1200 598 1272 674 sibi,
1297 599 1459 681 quidquid
1490 620 1577 664 nunc
1607 601 1690 666 iuste
1711 601 1831 667 habet:

155 694 261 775 ipsam
285 692 456 755 ecclesiam
479 691 512 752 in
539 689 665 752 honore
688 689 832 770 Virginis
860 689 1074 770 gentiumque
1104 688 1249 751 doctoris
1279 698 1313 752 et
1335 689 1456 771 egregii
1488 691 1640 773 martyris
1668 691 1831 768 Authidii,

155 782 279 846 ibidem
302 779 542 862 requiescentis,
575 799 649 841 cum
673 778 827 841 omnibus
857 777 1063 860 appendiciis
1086 778 1160 854 suis,
1192 796 1277 858 quae
1304 777 1421 842 habuit
1450 778 1493 842 ab
1522 780 1668 861 antiquo,
1700 783 1833 845 tertiam

155 881 283 953 partem
316 871 357 933 de
389 868 521 933 teloneo
552 868 705 945 civitatis,
739 867 829 949 quod
860 867 1001 949 exigitur
1031 887 1051 929 a
1081 866 1341 948 negotiatoribus
1371 869 1404 930 in
1434 868 1550 932 annuis
1589 880 1623 933 et
1657 871 1833 935 cotidianis

156 961 315 1037 mercatis,
346 960 430 1023 sicut
461 958 675 1022 constitutum
704 966 754 1020 est
783 957 826 1019 ab
857 956 1001 1038 Hugone
1031 956 1290 1038 archiepiscopo.
1336 955 1576 1021 confirmamus
1605 960 1705 1024 etiarn
1734 961 1832 1024 vobis

155 1051 366 1113 medietatem
390 1048 589 1112 decimarum
612 1045 770 1109 ecclesiae
792 1045 985 1110 Lenniensis
1003 1044 1032 1126 b)
1056 1053 1090 1108 et
1121 1044 1222 1108 altare
1252 1055 1359 1108 totum
1389 1056 1423 1109 et
1452 1047 1652 1129 capellarum
1683 1050 1833 1113 eiusdem

155 1140 267 1202 omnia
282 1139 397 1203 altaria
419 1148 453 1201 et
469 1138 510 1200 de
528 1136 663 1199 decimis
678 1145 815 1212 tantum,
840 1144 999 1217 quantum
1023 1135 1241 1216 designabant
1263 1136 1444 1216 sequentia,
1467 1137 1592 1200 scilicet
1614 1138 1703 1220 apud
1719 1139 1832 1202 villare

154 1229 259 1292 sancti
275 1228 401 1290 Lazarii
419 1226 630 1290 medietatem
646 1225 847 1288 decimarum
863 1234 897 1288 et
918 1224 1018 1288 altare
1034 1233 1150 1299 totum,
1174 1223 1263 1306 apud
1280 1224 1402 1288 Osseus
1417 1246 1495 1289 vero
1519 1237 1668 1308 quartam
1692 1238 1831 1310 partem,

156 1318 244 1399 apud
260 1315 486 1398 chgavillam
509 1315 608 1379 etiam
632 1315 851 1389 medietatem,
875 1314 964 1395 apud
979 1313 1107 1378 Salinas
1130 1313 1289 1376 caldarias
1313 1313 1402 1390 duas,
1425 1315 1509 1379 sicut
1527 1316 1636 1380 bonae
1652 1319 1832 1381 memoriae

156 1408 256 1489 Hugo
286 1407 352 1469 suis
382 1405 530 1488 pecuniis
561 1404 736 1485 acquisitas
766 1403 974 1485 supradictae
1006 1402 1185 1466 canonicae
1214 1401 1365 1479 tradidit,
1396 1403 1428 1465 in
1458 1404 1536 1467 villa
1567 1425 1713 1488 quoque,
1745 1426 1832 1488 quae

157 1496 274 1559 dicitur
296 1493 436 1570 Nanera,
464 1494 566 1556 altare
588 1493 691 1555 sancti
714 1492 830 1556 Lazari
861 1512 935 1555 cum
959 1492 1112 1555 omnibus
1141 1491 1346 1573 appendiciis
1373 1492 1454 1569 suis,
1478 1495 1530 1557 vel
1563 1496 1724 1577 quidquid
1748 1497 1832 1560 iuste

157 1585 313 1667 deinceps
336 1584 534 1665 acquisitura
556 1592 607 1645 est
637 1591 706 1644 tam
737 1583 769 1644 in
802 1582 903 1656 terris,
936 1601 1035 1663 quam
1068 1581 1100 1643 in
1132 1581 1235 1644 vineis
1259 1581 1437 1645 mobilibus
1467 1603 1507 1647 ac
1537 1584 1761 1648 immobilibus
1792 1606 1832 1649 ac

156 1675 328 1738 cuiuslibet
350 1674 478 1756 generis
504 1671 776 1754 possessionibus,
806 1671 896 1734 salva
919 1671 951 1733 in
984 1670 1137 1734 omnibus
1166 1670 1291 1752 proprii
1318 1671 1467 1753 episcopi
1499 1673 1612 1737 debita
1640 1676 1832 1738 reverentia.

156 1764 201 1827 Et
230 1764 363 1846 insuper
392 1762 564 1825 statuimus
592 1770 704 1823 nostra
734 1760 918 1842 apostolica
947 1759 1158 1835 authoritate,
1194 1769 1231 1822 ut
1259 1779 1326 1821 non
1357 1759 1455 1824 liceat
1483 1763 1733 1846 archiepiscopo
1765 1765 1831 1829 loci

157 1860 282 1916 mutare
305 1852 351 1915 ibi
374 1851 524 1914 ordinem
547 1850 779 1914 canonicorum
795 1859 852 1913 aut
874 1849 1032 1912 abbatem
1053 1848 1106 1911 vel
1126 1848 1353 1931 praepositum
1374 1850 1579 1926 constituere,
1600 1854 1655 1934 qui
1678 1853 1832 1917 fratribus

157 1943 288 2024 praesit,
312 1942 371 2005 sed
394 1951 522 2004 tantum
546 1941 707 2003 decanum
731 1938 776 2001 illi
800 1939 862 2021 ipsi
887 1938 1001 2002 fratres
1024 1939 1109 2002 inter
1130 1957 1166 2000 se
1188 1948 1222 2001 et
1246 1938 1287 2001 de
1302 1938 1369 2001 suis
1384 1938 1516 2021 eligant,
1540 1942 1705 2022 quinovit
1727 1944 1833 2026 magis

158 2032 316 2114 prodesse
339 2031 382 2093 ad
405 2049 616 2093 communem
637 2028 821 2104 utilitatem,
850 2048 949 2109 quam
972 2048 1104 2110 preesse
1128 2027 1171 2090 ad
1193 2027 1362 2110 propriam
1385 2028 1589 2110 dignitatem,
1614 2026 1709 2116 [sicut
1731 2033 1840 2096 etiam*

158 2131 190 2185 et
202 2122 264 2203 ipsi
284 2115 328 2206 c)]
346 2119 479 2183 cuilibet
491 2119 742 2200 archiepiscopo
758 2117 924 2181 licentiam
934 2117 1144 2199 denegamus,
1160 2116 1284 2197 aliquid
1301 2117 1428 2193 obesse,
1444 2119 1503 2182 sed
1519 2128 1647 2184 tantum
1663 2121 1832 2203 prodesse,

157 2210 352 2292 generaliter
375 2220 581 2291 exoptamus.
626 2207 662 2272 Si
686 2227 771 2289 quae
794 2208 892 2290 igitur
918 2227 978 2284 res,
1009 2207 1118 2270 eidem
1142 2206 1320 2270 canonicae
1351 2206 1430 2270 data
1459 2217 1493 2270 et
1515 2228 1677 2292 possessa,
1708 2231 1729 2274 a
1751 2231 1831 2292 quo·

158 2319 333 2381 cumquam
364 2299 507 2380 litigiosa
537 2298 686 2373 creditur,
720 2317 760 2360 ne
791 2316 865 2360 eam
896 2297 986 2379 prius
1016 2295 1172 2360 invadere
1194 2295 1299 2371 liceat,
1331 2315 1431 2377 quam
1454 2299 1577 2379 negotii
1602 2300 1703 2381 ipsius
1726 2301 1832 2364 deter-

158 2390 293 2452 minatio
316 2389 359 2452 sit
388 2397 514 2463 exacta,
544 2386 729 2469 apostolica
758 2386 952 2450 auctoritate
975 2404 1145 2449 censemus
1175 2394 1209 2449 et
1238 2385 1303 2448 hoe
1330 2385 1518 2463 statuimus,
1549 2397 1585 2450 ut
1614 2389 1703 2452 nulla
1729 2390 1832 2453 eccle-

158 2479 361 2541 siasticorum
384 2477 436 2540 vel
460 2476 673 2540 saecularium
697 2495 817 2557 magna
838 2475 891 2539 vel
914 2495 1016 2557 parva
1038 2495 1181 2557 persona
1210 2474 1394 2555 praelatam
1426 2476 1620 2540 canonicam
1650 2479 1832 2560 inquietare

157 2566 209 2631 vel
233 2566 356 2648 aliquid
379 2565 505 2641 horum,
535 2586 618 2647 quae
642 2585 728 2628 nunc
751 2565 860 2640 habet,
890 2564 942 2628 vel
966 2565 1123 2646 deinceps
1146 2564 1298 2627 habitura
1320 2574 1378 2639 est,
1409 2565 1452 2628 ab
1483 2566 1552 2629 eius
1582 2566 1650 2630 iure
1681 2569 1714 2630 in
1743 2568 1832 2631 aliud

158 2677 295 2738 quoquo
319 2657 420 2718 modo
443 2653 604 2718 violenter
632 2654 805 2717 transferre
835 2661 1032 2736 praesumat,
1064 2654 1156 2717 salvo
1186 2653 1219 2715 in
1250 2654 1404 2716 omnibus
1434 2653 1529 2718 huius
1550 2655 1721 2721 Romanae
1744 2658 1833 2721 sedis

159 2745 338 2828 privilegio.
376 2744 532 2826 Quisquis
549 2744 646 2826 igitur
659 2744 832 2806 temerario
856 2763 935 2806 ausu
951 2743 1045 2806 huius
1068 2753 1199 2806 nostrae
1222 2742 1401 2805 sanctionis
1424 2744 1630 2827 privilegium
1646 2747 1833 2810 contraierit

158 2835 210 2898 vel
234 2835 312 2898 illud
337 2835 368 2896 in
385 2844 491 2897 totum
506 2834 558 2896 vel
574 2834 607 2896 in
630 2843 759 2914 partem
782 2832 957 2914 infregerit,
985 2833 1046 2896 nisi
1063 2831 1260 2908 admonitus,
1285 2832 1375 2913 quod
1391 2842 1506 2895 contra
1521 2844 1634 2898 nostra
1648 2837 1833 2918 apostolica

158 2934 280 2988 statuta
295 2923 477 3005 deliquerit,
500 2923 732 2998 emendaverit,
756 2923 904 2998 moverit,
927 2942 964 2986 se
978 2921 1181 3004 apostolicae
1196 2921 1547 2986 excommunicationis
1566 2934 1600 2987 et
1615 2926 1832 2989 anathematis

158 3012 287 3076 vinculo
310 3013 451 3094 graviter
473 3013 674 3076 innodatum.
720 3010 769 3074 At
782 3031 871 3087 vero,
896 3012 951 3092 qui
974 3011 1032 3093 pio
1056 3010 1173 3076 intuitu
1189 3019 1299 3074 custos
1315 3020 1349 3074 et
1368 3011 1562 3077 observator
1584 3014 1737 3091 extiterit,
1760 3036 1831 3097 per·

158 3112 278 3185 petuae
301 3101 542 3166 benedictionis
565 3101 769 3165 abundantia
790 3100 961 3183 repleatur.

317 3281 442 3344 Datum
463 3280 633 3356 Laterani,
663 3280 776 3344 Idibus
803 3279 943 3361 Aprilis,
966 3298 1026 3361 per
1051 3298 1185 3341 manum
1207 3278 1304 3355 Petri,
1325 3289 1459 3344 sanctae
1480 3281 1652 3345 Romanae
1676 3282 1833 3346 ecclesiae
1904 3346 1906 3353 ,

159 3369 288 3432 diaconi
313 3380 347 3433 et
368 3370 595 3446 bibliotecarii,
619 3391 706 3433 anno
730 3382 802 3433 vm.
848 3367 1061 3433 Pontificatus
1084 3368 1197 3431 domni
1212 3367 1394 3432 Alexandri
1418 3390 1527 3452 papae
1549 3372 1694 3436 secundi.
1731 3372 1832 3435 Anno

158 3479 236 3522 vero
260 3458 302 3521 ab
327 3460 551 3523 incarnatione
574 3460 700 3524 domini
724 3472 877 3523 Mvann
895 3455 935 3542 d)
981 3457 1164 3522 Indictione
1186 3472 1246 3521 vn.

317 3571 441 3638 Abscdn'st
457 3573 501 3622 der
521 3574 581 3625 Call.
599 3573 701 3625 Moreau
719 3576 772 3625 973
781 3574 832 3639 sol.
851 3573 909 3633 39¹³,
927 3573 984 3622 und
997 3573 1049 3622 868
1058 3572 1112 3637 sol.
1131 3574 1174 3632 49,
1194 3571 1220 3620 in
1238 3573 1282 3621 der
1299 3572 1363 3626 Bibl.
1382 3573 1511 3624 Nutibnale
1527 3590 1557 3623 an
1576 3573 1656 3625 Pani.

323 3643 445 3695 Vermerkt
460 3645 503 3694 ist:
520 3661 551 3695 ex
570 3645 693 3697 cartulari.
731 3646 778 3696 Die
794 3645 967 3712 bcageaeiclrmte
984 3646 1046 3694 Rota
1056 3643 1137 3710 fu‘hn
1158 3643 1195 3694 die
1216 3643 1370 3710 Unnctnyr:
1390 3641 1509 3716 -l-Deus
1531 3653 1643 3698 nostmm
1665 3652 1707 3697 etc.
1726 3647 1782 3697 ulid
1796 3646 1834 3696 dic

159 3714 292 3783 lezsclm'fl:
309 3717 416 3784 Magnus
435 3716 551 3768 dominus
568 3724 610 3770 etc.

916 4002 983 4078 Nr.
1017 4005 1075 4077 13.

158 4153 341 4218 Alexander
363 4153 407 4218 ll
425 4153 498 4218 thur
518 4155 606 4218 allen
635 4152 791 4217 Getreuen
816 4152 874 4217 des
900 4152 1042 4236 heiligen
1068 4152 1184 4218 Petrus
1210 4151 1265 4216 die
1291 4149 1476 4237 Beilegung
1499 4154 1557 4218 des
1583 4152 1717 4219 Streites
1743 4157 1835 4220 hund

157 4242 318 4311 zwisalten
333 4243 394 4308 den
410 4243 566 4309 Miimlaen
580 4264 641 4306 von
656 4242 948 4307 Marmoutierdea·
957 4242 1057 4307 Tours
1072 4243 1142 4307 und
1153 4241 1258 4307 denen
1278 4262 1340 4305 von
1356 4241 1467 4307 Redon
1482 4241 1541 4326 (D.
1567 4241 1707 4331 Vannes)
1723 4266 1834 4329 wegcn

628 4331 689 4397 der
705 4329 829 4396 Kirclze
843 4353 903 4396 von
919 4329 1130 4396 Sisauveur
1143 4338 1160 4415 (
1160 4333 1203 4396 D.
1220 4330 1372 4411 Nautes).

880 4468 1104 4530 1061-1073.

315 4598 507 4665 Alexander
522 4602 707 4683 episcopus,
731 4620 842 4665 servus
857 4621 1024 4665 servorum
1048 4602 1109 4678 dei,
1133 4601 1287 4666 omnibus
1303 4603 1408 4666 sancti
1423 4602 1509 4667 Petri
1526 4602 1677 4666 fidelibus
1693 4604 1833 4669 salutem

157 4701 190 4754 et
213 4691 429 4773 apostolicam
453 4691 727 4754 benedictionem.
773 4691 899 4754 Notum
925 4691 1022 4755 vobis
1044 4691 1112 4755 fieri
1142 4690 1301 4770 volumus,
1332 4712 1431 4774 quem
1460 4692 1663 4756 admodum
1693 4696 1832 4775 questio,

157 4801 220 4866 que
244 4790 314 4843 erat
337 4781 420 4844 inter
447 4779 627 4843 monachos
651 4779 785 4843 Maioris
808 4781 997 4844 monasterii
1027 4781 1132 4845 sancti
1156 4779 1288 4844 Martini
1318 4790 1352 4845 et
1374 4783 1565 4846 Rotonense
1597 4784 1833 4847 monasterium

156 4871 259 4933 sancti
284 4868 462 4933 Salvatoris
486 4868 595 4933 delata
618 4878 668 4932 est
691 4878 767 4933 ante
789 4879 936 4933 nostram
960 4868 1169 4947 audientiam,
1194 4871 1289 4934 luerit
1316 4873 1504 4934 examinata
1526 4880 1560 4934 et
1582 4870 1731 4953 diligenti
1755 4893 1834 4937 cura

155 4968 354 5041 pertractata
377 4969 410 5021 et
425 4957 562 5021 consilio
582 4968 768 5022 nostrorum
783 4958 929 5023 fidelium
945 4959 1089 5024 definita.
1128 4959 1244 5042 Questi
1260 4970 1335 5023 sunt
1351 4960 1438 5024 enim
1453 4962 1661 5024 Rotonenses
1677 4962 1831 5026 monachi

156 5049 310 5112 adversus
335 5048 400 5110 iam
423 5049 529 5112 dictos
552 5047 734 5112 monachos
756 5049 860 5113 sancti
884 5048 1025 5125 Martini,
1057 5050 1148 5132 quod
1179 5050 1416 5113 contenderent
1446 5051 1493 5114 eis
1522 5049 1694 5113 ecclesiam
1726 5053 1832 5116 sancti

156 5136 343 5213 Salvatoris,
374 5137 471 5200 sitam
500 5136 584 5213 loco,
608 5137 664 5220 qui
687 5148 823 5201 vocatur
844 5138 1019 5214 Bairiacus,
1050 5139 1084 5202 in
1106 5139 1320 5202 Namnetensi
1343 5139 1468 5203 scilicet
1497 5140 1699 5222 episcopatu,
1731 5161 1832 5223 quam

155 5228 234 5290 olim
263 5227 335 5307 ipsi·
356 5227 564 5290 Rotonenses
595 5227 818 5291 detenuissent
850 5249 893 5291 ex
923 5228 1136 5292 concessione
1167 5228 1336 5292 cuiusdam
1367 5228 1489 5306 militis,
1526 5229 1659 5292 nomine
1687 5230 1831 5306 Brienni,

156 5316 304 5398 quamvis
335 5315 436 5396 ipsius
468 5316 688 5380 concessionis
719 5316 824 5380 nullas
853 5317 978 5381 litteras
1008 5316 1208 5382 habuissent.
1262 5316 1386 5382 Contra
1423 5338 1507 5400 quos
1542 5317 1694 5381 monachi
1725 5321 1832 5384 sancti

315 5510 340 5574 a)
358 5524 407 5558 von
429 5509 540 5558 inclinati
562 5508 597 5558 bis
621 5509 759 5560 munimine
774 5510 843 5576 fehlt
864 5510 891 5561 in
909 5511 939 5571 B,
963 5511 1072 5578 offendar
1093 5527 1173 5578 wegen
1197 5512 1238 5561 des
1260 5511 1457 5578 vorangehenden
1481 5511 1633 5562 muniremus
1741 5513 1768 5578 b)
1793 5517 1836 5566 vel

154 5579 287 5629 Luniensis
367 5584 392 5638 c)
411 5597 458 5630 von
475 5581 580 5631 anderer
595 5581 677 5630 Hand
691 5581 717 5631 in
734 5581 772 5632 dri
788 5581 869 5632 Laickc
887 5583 962 5648 (868)
981 5584 1103 5651 eingfitgt
1185 5583 1213 5649 d)
1232 5595 1282 5633 vm
1300 5584 1331 5635 B.
1351 5623 1403 5629 -
1422 5587 1458 5648 A)
1476 5583 1551 5650 Hugo
1568 5583 1601 5633 II
1613 5584 1642 5634 de
1659 5583 1830 5650 Matusarum,

155 5651 300 5717 Erzbrichos
309 5667 358 5703 von
375 5653 507 5715 Besanfon,
526 5669 546 5703 c.
568 5654 634 5703 1067
639 5654 750 5704 -1085.
