3974 6188
159 261 232 338 192·

97 494 102 504 .
154 445 289 508 ecclesie
305 445 466 523 vobisque
481 438 681 518 subtrahere,
706 440 764 505 sed
781 443 872 505 iuxta
891 451 919 528 a)
936 446 1108 506 canonicas
1124 444 1308 505 sanctiones
1326 442 1433 505 omnia
1449 442 1587 506 ecclesie
1610 444 1823 506 reserventur.

153 534 224 597 Nec
246 537 277 596 in
294 533 430 596 ecclesia
452 534 522 614 ipsa
544 533 596 595 vel
620 535 651 593 in
672 532 806 613 capellis
822 534 889 595 eius
906 542 1019 595 contra
1036 533 1302 595 deliberationem
1319 540 1459 595 vestram
1475 533 1590 613 aliquis
1606 532 1823 613 presbiterum

153 623 328 686 clericosve
351 623 533 686 constituat.
580 619 710 683 Nemini
735 641 813 702 ergo
837 622 974 684 facultas
997 625 1050 696 sit,
1081 622 1251 684 ecclesiam
1275 624 1381 703 ipsam
1405 629 1528 684 temere
1551 621 1748 703 perturbare
1769 630 1825 683 aut

153 714 245 776 vobis
267 711 483 774 helemosinas
506 710 675 792 surripere,
699 730 764 791 que
788 731 830 772 ex
855 720 1056 773 mortuorum
1073 711 1196 773 iudiciis
1212 709 1408 793 parrochiali
1424 710 1586 772 debentur
1601 711 1749 786 ecclesie,
1770 719 1825 773 aut

154 800 296 883 capellas
319 801 423 883 plebis
446 809 553 862 vestre
576 800 730 861 invadere
752 819 818 873 seu,
840 818 1033 879 quecunque
1051 802 1151 880 ipsius
1175 798 1272 883 (sunt)
1295 799 1347 861 vel
1364 798 1489 873 fuerint,
1505 798 1710 880 quibuslibet
1732 819 1824 862 occa·

153 891 298 953 sionibus
319 890 447 953 auferre
467 888 503 974 b),
526 889 614 950 salva
638 891 669 950 in
692 889 844 951 omnibus
874 888 1058 970 apostolice
1081 889 1169 951 sedis
1192 891 1395 951 auctoritate.
1449 887 1505 951 Ad
1531 889 1689 952 indicium
1714 898 1823 951 autem

154 980 360 1062 proprietatis
382 978 477 1041 huius
500 977 674 1040 duodecim
705 997 857 1040 nummos
888 978 981 1041 nobis
1012 981 1197 1058 nostrisque
1219 977 1244 1062 c)
1268 976 1510 1040 successoribus
1539 978 1747 1058 persolvetis.
1792 975 1825 1040 Si

93 1132 95 1137 .
154 1072 225 1149 quis
256 1081 374 1141 autem,
397 1068 521 1131 decreti
553 1065 648 1129 huius
669 1063 673 1149 Ι
694 1072 809 1128 tenore
841 1069 983 1149 cognito,
1014 1075 1139 1129 temere
1168 1067 1328 1128 contraire
1351 1069 1579 1149 temptaverit,
1616 1068 1677 1129 nisi
1702 1067 1769 1130 deo
1794 1076 1825 1129 et

103 1203 106 1211 ·
154 1158 290 1221 ecclesie
319 1156 470 1220 fratribus
502 1155 710 1230 satisfecerit,
742 1157 979 1237 omnipotentis
1010 1158 1063 1218 dei
1095 1165 1128 1218 et
1161 1156 1248 1218 beati
1271 1157 1365 1229 Petri,
1396 1155 1623 1237 apostolorum
1658 1157 1826 1239 principis,

153 1248 377 1329 indignatione
401 1247 570 1327 plectatur.
618 1243 708 1307 A·m.
731 1279 776 1289 -

364 1337 419 1413 (R)
442 1334 515 1417 Ego
539 1334 707 1397 Adrianus
730 1333 891 1397 catholice
914 1333 1053 1396 ecclesie
1077 1333 1253 1416 episcopus
1276 1354 1316 1395 ss.
1340 1332 1403 1418 (M)

364 1424 385 1506 †
407 1426 480 1505 Ego
505 1423 681 1504 Gregorius
706 1423 895 1487 Sabinensis
919 1426 1096 1505 episcopus
1119 1442 1160 1484 ss.
1185 1420 1231 1505 (8)

365 1550 408 1561 -
430 1513 450 1593 †
472 1515 545 1594 Ego
569 1511 665 1575 Iulius
688 1513 848 1595 presbiter
870 1513 1041 1576 cardinalis
1064 1514 1112 1575 tit.
1136 1515 1239 1574 sancti
1264 1511 1410 1574 Marcelli
1433 1531 1475 1573 ss.
1498 1512 1545 1591 (2)

365 1604 384 1685 †
408 1600 480 1683 Ego
506 1600 662 1664 Girardus
686 1602 848 1684 presbiter
871 1602 1045 1664 cardinalis
1068 1605 1115 1663 tit.
1139 1602 1242 1663 sancti
1266 1600 1424 1681 Stephani
1446 1620 1487 1663 ss

365 1689 481 1774 ngo
509 1690 669 1753 Iohannes
700 1690 862 1772 presbiter
893 1691 1065 1754 cardinalis
1095 1700 1282 1753 sanctorum
1315 1689 1468 1752 iohannis
1502 1698 1536 1751 et
1557 1687 1674 1775 Pfauli)
1697 1692 1745 1753 tit
1771 1689 1829 1752 Pa·

581 1778 699 1842 machii
723 1799 764 1841 ss.
788 1776 843 1864 (3).

366 1869 385 1947 †
409 1869 482 1951 Ego
505 1868 664 1932 Iohannes
688 1868 848 1950 presbiter
871 1867 1041 1931 cardinalis
1065 1869 1111 1930 tit.
1134 1877 1245 1945 sancte
1269 1868 1443 1951 Anastasie
1467 1886 1509 1929 ss.

366 1956 386 2041 f
409 1959 482 2039 Ego
506 1955 607 2020 Oddo
632 1959 789 2020 diaconus
813 1957 985 2020 cardinalis
1008 1958 1110 2020 sancti
1135 1954 1266 2037 Georgii
1290 1957 1333 2018 ad
1357 1955 1476 2018 Velum
1501 1976 1636 2019 aureum
1661 1976 1702 2018 ss

366 2045 386 2130 f
410 2048 483 2128 Ego
506 2046 669 2110 Rodulfus
691 2048 850 2109 diaconus
873 2047 1042 2108 cardinalis
1065 2055 1177 2108 sancte
1201 2046 1300 2108 Lucie
1324 2066 1365 2107 ss
1389 2041 1435 2129 (7)

313 2135 390 2199 Dat.
405 2137 565 2208 Laterani,
591 2155 648 2218 per
672 2155 803 2198 manum
820 2135 970 2208 Rolandi,
993 2145 1105 2199 sancte
1126 2136 1274 2197 Romane
1298 2134 1434 2197 ecclesie
1459 2134 1630 2216 presbiteri
1655 2134 1830 2196 cardinalis

155 2233 188 2288 et
212 2225 398 2288 cancellarii.
443 2224 714 2289 xv1K1.Madii.
759 2225 941 2288 Indictione
965 2237 1010 2287 vl.
1042 2226 1142 2288 Anno
1166 2237 1312 2288 MCLVIII.
1360 2223 1572 2286 Pontificatus
1603 2243 1682 2286 vero
1714 2223 1831 2285 domni

156 2314 292 2376 Adriani
316 2336 405 2398 pape
428 2330 480 2378 1111
503 2336 590 2378 anno
613 2329 673 2378 1111.

317 2429 359 2478 Or.
380 2427 520 2491 (Cumrmilci
540 2429 566 2477 di
586 2429 650 2477 Colle
667 2429 736 2478 1158
754 2430 814 2492 Apr.
834 2430 885 2489 16),
904 2427 937 2475 im
956 2427 1069 2476 Archivio
1086 2427 1113 2475 di
1131 2427 1198 2476 Slalo
1215 2444 1244 2475 cu
1263 2427 1370 2476 Florem.

316 2501 386 2565 Perg.
412 2501 473 2559 ital,
492 2501 528 2549 br.
555 2503 639 2560 0‚595‚
663 2502 724 2563 lang
741 2500 809 2559 O,8·l,
833 2508 908 2547 umeri
926 2501 1004 2556 0,0·lh¹
1029 2499 1217 2564 umgcsclilagcn,
1241 2498 1318 2547 durch
1335 2502 1352 2547 :l
1372 2498 1463 2547 [delier
1476 2498 1539 2564 ging
1556 2497 1593 2546 dle
1611 2497 1719 2555 Schrmr,
1745 2496 1833 2546 welche

155 2572 199 2620 mit
216 2572 268 2620 dem
287 2573 341 2621 Blei
357 2574 473 2621 verlorcn.
509 2571 617 2636 Fallung
633 2572 677 2621 dcr
694 2572 790 2619 Bullcn.
826 2572 881 2619 Das
898 2571 947 2618 eine
964 2574 1048 2628 Arrun,
1068 2577 1142 2618 choas
1151 2571 1207 2635 [ντί
1219 2572 1317 2635 gestem,
1328 2572 1398 2634 fillll
1414 2571 1451 2619 die
1467 2572 1531 2619 letne
1549 2568 1617 2618 Zer'le.
1658 2568 1738 2617 Ucbcr
1755 2570 1830 2634 lting-

154 2644 225 2692 kreuz
242 2652 283 2692 etc.
303 2643 379 2692 niclils
397 2644 510 2692 Siclteres.
547 2644 673 2708 Dalirung
691 2643 735 2689 mil
748 2657 822 2707 gegen
841 2641 911 2690 Eride
929 2642 1079 2691 cunclrmend
1094 2643 1162 2690 mehr
1175 2642 1319 2705 gcslrecklen
1339 2642 1487 2706 Oberldngcn
1504 2656 1559 2689 vom
1575 2640 1829 2703 dbnscriptschrelber,

155 2715 199 2763 das
216 2717 239 2764 R
266 2716 376 2763 ll'olands
398 2715 471 2763 dorin
493 2731 541 2763 von
564 2716 667 2763 anderer
688 2714 763 2762 Dinle
786 2714 943 2777 cingelragen.
986 2713 1034 2760 Von
1060 2714 1105 2761 den
1132 2712 1311 2780 Zeugcnfimen
1334 2713 1470 2762 ersclieimn
1488 2713 1592 2776 Birthas
1607 2712 1700 2777 Gregor
1723 2713 1780 2760 und
1795 2712 1831 2759 die

154 2787 234 2835 beiden
251 2787 378 2834 Diaknmn
401 2787 467 2834 wohl
487 2803 534 2834 νυνι
555 2786 660 2850 gleichzr
677 2785 757 2833 Hand
778 2785 833 2831 und
848 2785 930 2842 Dinte,
955 2785 1073 2833 vielleicltt
1088 2785 1151 2833 arech
1169 2785 1212 2834 der
1231 2785 1354 2849 Ptesdirln
1374 2785 1501 2849 Jolrannes
1519 2784 1691 2842 (Anastasia),
1716 2785 1831 2833 uenderet·

154 2859 207 2907 seils
224 2865 296 2907 unler
311 2858 361 2906 sicli
379 2874 427 2907 von
444 2858 487 2907 der
504 2858 639 2907 ndmliclien
658 2857 737 2905 lr'und
752 2857 788 2904 die
808 2856 931 2921 Presbyter
951 2857 1046 2904 Girard
1061 2857 1116 2904 und
1134 2857 1261 2920 Johnrmes
1278 2857 1415 2920 (Jolarmis
1431 2864 1453 2906 el
1472 2856 1564 2919 Pauli).
1602 2857 1657 2904 Der
1678 2855 1767 2904 Gr'v‘sse
1793 2857 1832 2903 der

158 2930 311 2995 Pergamenls
328 2929 497 2993 enlsprechend
512 2931 595 2978 warde
612 2930 649 2978 cin
668 2928 739 2978 Tlm'l
754 2928 797 2976 der
814 2927 908 2989 Zeugm
925 2928 951 2975 in
968 2927 1023 2975 sehr
1037 2943 1136 2991 grossen
1144 2929 1240 2978 bellem
1257 2929 1415 2993 eingelragen.
1428 2956 1452 2964 -
1465 2927 1503 2976 Zu
1521 2927 1631 2976 bruslum
1649 2926 1687 2989 r'sl,
1706 2928 1765 2976 dass
1783 2944 1833 2975 mer

155 3001 193 3050 ein
210 3004 287 3050 Amen
300 3008 384 3068 gestiit
400 3001 456 3049 und
470 3002 507 3050 die
524 3002 709 3065 Dolumsornul
723 3000 749 3047 in
766 2999 810 3047 der
825 2999 985 3048 lnkanmlion
1002 3000 1114 3048 verkiiral
1129 3000 1234 3049 worden.

906 3204 972 3277 ΝΥ.
998 3208 1041 3278 17
1049 3208 1083 3278 9.

155 3333 309 3398 Hadrian
326 3330 386 3396 IV
402 3333 519 3396 ninrml
540 3333 601 3397 das
619 3332 747 3397 Kloster
768 3333 836 3398 San
861 3338 970 3400 l’lctro
989 3337 1028 3399 di
1059 3335 1268 3417 Vz'llamagna
1292 3334 1351 3413 (l).
1368 3330 1516 3415 Arragnz')
1541 3335 1575 3396 in
1597 3335 1833 3416 apostolisclen

502 3420 624 3487 Schulz
638 3423 707 3486 und
719 3423 867 3508 bestlitrgl
879 3428 966 3488 serite
981 3424 1220 3488 Besilztlni'mer
1238 3423 1306 3485 und
1320 3422 1435 3485 Reclzte
1452 3425 1485 3508 ¹).

779 3540 1020 3603 1158Mal14.
1053 3540 1202 3602 Lateran.

315 3657 481 3719 Adrianus
505 3656 690 3738 episcopus,
712 3676 823 3718 servus
846 3677 1011 3719 servorum
1037 3656 1100 3730 dei,
1125 3657 1253 3717 dilectis
1268 3653 1339 3716 filiis
1355 3654 1488 3728 Amat0,
1513 3656 1703 3717 monasterii
1728 3658 1832 3718 sancti

157 3745 243 3807 Petri
267 3746 309 3807 de
324 3744 412 3808 Villa
435 3766 554 3826 magna
577 3744 697 3820 abbati,
720 3748 855 3826 eiusque
879 3746 1037 3819 fratribus
1061 3755 1127 3807 tam
1152 3745 1355 3825 presentibus
1379 3764 1477 3824 quam
1501 3744 1624 3816 futuris,
1648 3743 1833 3824 regularem

156 3836 256 3896 uitam
288 3834 454 3915 professis,
484 3848 522 3896 ΙΝ
545 3847 621 3895 ΡΡΜ.
646 3870 689 3879 -
709 3833 714 3919 Ι
735 3835 828 3897 Iustis
851 3837 1032 3918 petentium
1055 3834 1223 3897 desideriis
1247 3833 1373 3896 facilem
1405 3853 1464 3895 nos
1495 3834 1649 3895 convenit
1672 3835 1832 3913 impertiri

157 3942 324 3986 assensum
356 3931 390 3986 et
419 3932 514 3997 vota,
555 3942 620 4003 que
652 3926 828 3986 arationis
859 3927 989 3988 tramite
1020 3945 1084 3987 non
1117 3924 1321 3995 discordant,
1354 3922 1471 3985 effectu
1501 3930 1578 3984 sunt
1608 3932 1833 4001 prosequente

157 4011 361 4092 complenda.
407 4014 601 4094 Eapropter,
628 4012 751 4087 dillecti
774 4016 806 4075 in
832 4014 967 4077 domino
990 4013 1054 4090 filii,
1086 4015 1200 4075 vestris
1225 4015 1314 4074 iustis
1347 4010 1620 4093 postulationibus
1653 4011 1834 4074 clementer

156 4103 329 4164 annuimus
352 4110 386 4164 et
408 4100 568 4183 prefatum
605 4103 844 4176 monasterium,
877 4104 967 4183 quod
992 4105 1102 4182 utique
1125 4103 1214 4165 beati
1238 4104 1324 4164 Petri
1349 4101 1423 4163 iuris
1447 4101 1565 4173 existit,
1597 4100 1659 4162 sub
1685 4100 1830 4163 eiusdem

157 4189 383 4271 apostolorum
413 4190 566 4273 principis
596 4199 629 4253 et
661 4201 771 4253 nostra
802 4192 1005 4273 protectione
1037 4192 1228 4271 suscipimus
1259 4200 1292 4252 et
1323 4192 1483 4272 presentis
1515 4189 1625 4270 scripti
1658 4189 1831 4272 privilegio

157 4280 404 4342 communimus.
451 4276 646 4354 Statuentes,
670 4287 705 4341 ut
729 4300 952 4362 quascumque
977 4281 1208 4362 possessiones,
1242 4299 1448 4360 quecumque
1479 4279 1567 4341 bona
1599 4279 1687 4342 idem
1721 4298 1833 4341 mona·

157 4369 291 4429 sterium
315 4370 348 4430 in
365 4370 600 4450 presentiarum
617 4370 700 4431 iuste
717 4377 750 4430 et
765 4372 922 4432 canonice
938 4369 1085 4450 possidet
1108 4376 1165 4429 aut
1184 4369 1217 4429 in
1239 4367 1381 4430 futurum
1399 4368 1610 4431 concessione
1627 4367 1832 4450 pontificum,

158 4455 330 4537 largitione
354 4477 466 4538 regum
490 4457 541 4517 vei
565 4458 758 4538 principum,
789 4457 956 4522 oblatione
979 4457 1123 4520 fidelium
1148 4477 1205 4519 seu
1229 4456 1299 4519 aliis
1330 4458 1420 4519 iustis
1453 4457 1560 4520 modis
1591 4456 1656 4519 deo
1689 4457 1831 4539 propitio

159 4546 283 4626 poterit
303 4546 447 4627 adipisci,
477 4544 570 4607 firma
593 4546 688 4608 vobis
713 4548 892 4629 vestrisque
916 4546 1158 4610 successoribus
1182 4555 1214 4608 et
1236 4545 1360 4608 illibata
1383 4554 1604 4626 permaneant.
1649 4544 1688 4607 In
1712 4546 1832 4625 quibus

159 4633 220 4696 hec
244 4635 384 4716 propriis
408 4634 559 4697 duximus
576 4637 791 4717 exprimenda
806 4635 987 4699 vocabulis:
1020 4635 1139 4698 Villam
1158 4655 1319 4716 magnam,
1343 4638 1374 4696 in
1391 4654 1455 4716 qua
1471 4636 1578 4715 ipsum
1597 4637 1832 4697 monasterium

158 4726 256 4786 situm
280 4733 338 4798 est,
362 4744 436 4786 cum
459 4724 609 4785 districto
633 4726 734 4806 ipsius
758 4725 829 4789 ville
853 4734 885 4788 et
909 4723 1059 4787 omnibus
1083 4725 1284 4807 pertinentiis
1307 4725 1380 4798 suis,
1406 4731 1552 4786 montem
1569 4722 1691 4797 Iuliani,
1715 4723 1833 4787 Monti-

160 4812 276 4875 cellum
300 4814 361 4876 sub
384 4812 496 4876 Pesclu
523 4815 645 4875 maiore
668 4834 742 4877 cum
767 4815 970 4897 pertinentiis
993 4815 1075 4887 suis,
1108 4813 1214 4876 casale
1244 4814 1285 4875 de
1309 4813 1419 4887 Ferr0,
1444 4822 1562 4875 terram
1593 4815 1626 4874 in
1649 4812 1836 4885 Piscarello,

160 4902 202 4964 ad
227 4901 409 4977 Fossatum,
433 4903 475 4964 de
496 4901 636 4977 Vatalla,
667 4912 786 4966 terram
817 4905 859 4967 de
883 4902 1024 4966 Iohanne
1048 4900 1181 4976 Arente,
1212 4911 1331 4964 terram
1364 4905 1395 4964 in
1426 4900 1612 4976 Castanet0,
1645 4902 1833 4973 Mortillum

161 5000 279 5053 terram
311 4994 343 5053 in
365 4992 538 5065 Bacaricia,
572 4992 603 5053 in
627 4993 767 5055 Fossatu
800 4993 1025 5055 molendinum
1059 5012 1166 5066 unum,
1198 4991 1313 5055 Casale
1336 4992 1426 5053 iuxta
1448 4991 1570 5054 flumen
1601 5000 1634 5053 et
1657 4994 1833 5073 canapinas

162 5089 194 5143 et
218 5082 249 5142 in
273 5078 405 5143 flumine
429 5081 496 5143 duo
519 5079 716 5157 molendina,
741 5081 865 5144 Molam
898 5082 1118 5152 Todemundi,
1146 5088 1265 5143 terram
1296 5082 1327 5142 in
1350 5079 1434 5142 valle
1462 5082 1504 5144 de
1528 5079 1642 5155 Sacc0,
1677 5090 1783 5145 terras
1804 5080 1833 5142 in

162 5168 346 5243 Tosorano,
378 5169 462 5251 Rigu
494 5170 536 5231 de
561 5178 634 5233 orto
658 5181 691 5234 et
715 5174 746 5233 in
770 5172 858 5233 Plaia
881 5169 1019 5243 iordani,
1050 5169 1279 5234 Fruschettum
1305 5169 1474 5246 GuidoniS,
1507 5170 1624 5233 collem
1649 5168 1834 5243 Cervinum,

161 5267 280 5321 terram
304 5259 335 5320 in
360 5258 497 5334 Morillo,
522 5260 610 5340 apud
633 5270 781 5323 sanctum
803 5261 935 5323 Petrum
959 5261 988 5320 in
1006 5258 1132 5322 Formis
1155 5260 1291 5321 domum
1315 5279 1414 5321 unam
1437 5268 1470 5321 et
1493 5260 1646 5322 undecim
1672 5259 1834 5322 casulares

162 5349 194 5409 in
212 5350 353 5429 regione,
378 5369 443 5429 que
462 5347 490 5431 d)
506 5356 641 5411 vocatur
656 5352 809 5431 Burgeto,
833 5360 952 5412 terram
969 5349 1010 5411 de
1023 5351 1153 5423 Macari,
1176 5349 1317 5411 vineales
1334 5351 1366 5411 in
1384 5346 1494 5430 Gurga
1510 5348 1552 5410 de
1569 5347 1671 5423 Maio,
1695 5348 1835 5410 casalem

162 5436 204 5498 de
227 5435 333 5498 Altitu
357 5457 430 5500 curn
455 5438 550 5512 silvis,
580 5442 710 5519 pascuis
733 5447 766 5501 et
789 5459 862 5502 cum
886 5439 1042 5500 omnibus
1064 5440 1130 5500 suis
1155 5438 1355 5517 utilitatibus,
1379 5447 1518 5519 quatuor
1542 5456 1633 5499 mase
1657 5439 1691 5499 in
1716 5435 1836 5519 Gurga,

164 5544 247 5552 -—-
322 5581 347 5645 a)
366 5580 429 5628 iusta
519 5580 545 5642 b)
566 5580 664 5642 auferri,
682 5578 779 5629 hinlcri
797 5582 881 5629 Rasur
970 5579 996 5645 c)
1015 5581 1044 5628 tri
1062 5580 1113 5642 irus
1126 5580 1210 5627 li'usur
1297 5578 1324 5641 (1)
1344 5578 1393 5641 qui.
1449 5582 1521 5645 ..1)
1548 5579 1624 5644 Vcrgl.
1643 5579 1683 5628 die
1703 5577 1767 5632 Ure.
1785 5593 1837 5627 nom

167 5649 265 5700 fullai
277 5653 339 5700 1164
358 5653 412 5700 und
427 5655 443 5700 0
457 5653 562 5716 Junuar
576 5654 652 5701 1174.
