3982 6194
362 457 383 540 †
406 455 478 537 Ego
502 452 673 540 [Henricus
697 452 869 540 presbite]r
900 456 1071 519 cardinalis
1101 459 1149 520 tit.
1173 454 1382 544 [sanctorum]
1405 457 1504 522 Nerei
1527 453 1574 544 [et
1595 456 1750 545 Ach]illei
1770 481 1806 524 ss.

366 581 405 591 —
429 548 449 621 i
473 546 544 626 Ego
569 543 670 608 Oddo
694 547 851 608 diaconus
874 539 1059 630 [cardinalis
1081 548 1183 609 sancti
1206 547 1337 629 Georgii
1360 548 1402 610 ad
1417 546 1537 611 Velum
1561 544 1707 633 alureom
1729 568 1768 612 ss.

363 636 383 716 †
406 635 478 716 Ego
501 634 662 696 Rodulius
685 635 840 697 diaconus
863 630 1047 718 [cardinalis
1070 646 1183 699 sancte
1205 633 1318 723 Lulcie
1342 638 1374 699 in
1398 637 1500 718 Septa
1523 633 1623 724 [solis]
1646 657 1687 700 ss.

363 724 383 807 †
406 725 480 804 Ego
504 720 610 786 Guido
635 723 791 786 diaconus
816 720 996 808 [cardinalis
1020 721 1142 807 sancte]
1167 727 1270 788 Marie
1294 727 1325 787 in
1348 725 1475 789 Porticu
1498 745 1539 788 ss.

365 810 384 893 †
408 811 481 893 Ego
505 809 582 874 Odo
607 810 775 897 [diaconus
799 811 972 875 cardinalis
994 809 1110 898 sancti]
1132 812 1285 877 Nicholai
1309 815 1340 875 in
1363 833 1492 878 carcere
1515 814 1665 879 Tulliano
1687 833 1729 877 ss.

364 901 384 982 †
406 904 479 982 Ego
503 903 592 964 Boso
617 898 785 986 [diaconus
809 898 993 985 cardinalis]
1017 910 1202 966 sanctorum
1227 903 1349 966 Cosme
1372 911 1405 966 et
1428 899 1604 991 D[amiani]
1628 924 1669 967 ss.
1693 899 1739 987 (2)

312 988 387 1052 Dat.
402 990 562 1066 Laterani,
585 1009 645 1072 per
661 1011 790 1054 manum
805 990 955 1064 Rolandi,
972 1000 1081 1074 sancte
1097 991 1244 1075 Romane
1260 988 1420 1079 [ecclesile
1436 988 1632 1079 [presbi]teri
1648 992 1809 1056 cardinalis

153 1089 187 1144 et
201 1076 392 1165 cancellarii}
416 1092 439 1140 v
462 1074 482 1163 [.
506 1126 513 1140 .
537 1127 544 1140 .
570 1129 576 1141 .
600 1075 793 1165 ln]dictione
808 1092 840 1141 v.
878 1080 1111 1143 incarnationis
1134 1082 1299 1165 dominice
1322 1101 1408 1144 anno
1431 1093 1563 1144 Mchn.
1608 1081 1810 1146 Pontificatus

152 1190 231 1233 vero
255 1169 366 1230 domni
389 1167 547 1231 ADRIANI
572 1190 628 1250 pp.
650 1183 702 1231 1111
725 1189 811 1232 anno
834 1170 940 1231 tertio.
963 1204 1006 1213 -

315 1283 357 1332 Or.
377 1283 410 1331 im
429 1283 542 1332 Archivio
560 1283 588 1330 di
605 1283 685 1341 ,ἵππω
703 1280 826 1346 Abscknst
842 1281 868 1329 in
886 1282 929 1330 der
945 1283 1007 1330 Bibl.
1031 1282 1112 1331 Civica
1130 1300 1160 1331 eu
1180 1284 1274 1333 Genua.

314 1355 382 1420 Prrg.
402 1355 462 1414 frat,
486 1356 521 1403 br.
542 1356 612 1413 0‚58,
639 1356 700 1419 lang
716 1357 786 1413 0,76,
811 1354 855 1401 dar
875 1353 1072 1419 Unigeschlogene
1094 1355 1273 1419 abgeschnittrn,
1299 1355 1376 1404 durch
1401 1355 1458 1405 mori
1474 1356 1566 1405 Licher
1579 1357 1642 1422 gr‘ng
1657 1357 1696 1405 die
1713 1357 1815 1416 Sclrmr,

153 1425 239 1474 welche
257 1425 302 1473 mit
319 1426 370 1474 dem
390 1427 512 1491 Bleisirgrl
526 1427 640 1474 vrrloren.
677 1425 785 1490 Fallung
802 1426 844 1473 der
862 1426 958 1475 Bullrn.
999 1426 1073 1474 ls'eber
1094 1427 1152 1475 Um·
1175 1428 1231 1475 und
1248 1427 1412 1491 Untcrsrlerist
1427 1426 1504 1476 nichts
1521 1428 1635 1488 Sicines,
1661 1429 1823 1492 ebrnsowenig

153 1499 211 1546 iiber
227 1498 272 1545 das
289 1498 312 1545 R
329 1499 438 1546 Rolunds
454 1499 479 1545 in
498 1498 542 1546 der
557 1498 691 1562 Datirung,
710 1497 807 1546 welches
820 1498 911 1561 glrirltr
930 1498 1003 1545 Dr'nte
1027 1498 1071 1546 mi!
1086 1498 1129 1545 der
1151 1499 1258 1547 lctsterrn
1282 1499 1402 1562 atrf'meist.
1437 1499 1485 1547 Die
1503 1498 1685 1566 Zcugenfirmm
1711 1501 1820 1549 scheinm

153 1571 263 1618 allevari
281 1569 319 1617 rin
338 1570 393 1617 und
408 1570 526 1618 derselhen
545 1568 624 1617 Hand
639 1568 694 1617 und
710 1569 784 1616 Dinlr
800 1568 970 1620 lrersuriilren.
1007 1570 1054 1617 Die
1075 1569 1192 1618 Urkurrde
1209 1570 1252 1618 lat
1269 1564 1345 1617 durch
1365 1569 1523 1635 Feucltigkeit
1538 1572 1605 1619 stnrk
1619 1573 1722 1636 gelilterr.

895 1882 961 1956 Nr.
994 1887 1078 1956 173.

156 2032 184 2086 tt
217 2014 371 2080 Hadrian
397 2015 420 2077 Ι
426 2014 456 2077 V
477 2011 592 2078 nimmt
617 2013 671 2078 die
696 2011 971 2096 Kollrgiatkirclrc
998 2013 1067 2077 San
1091 2013 1257 2076 Leonardo
1280 2012 1337 2094 (D.
1362 2011 1509 2096 Seponto)
1534 2014 1568 2075 in
1589 2012 1839 2096 apostoltsclrcrt

156 2106 274 2170 Scluctz
296 2106 365 2168 und
385 2105 533 2186 bestrttigt
555 2103 654 2167 deren
679 2103 912 2167 Besitstlrrimer
934 2103 1007 2166 und
1020 2102 1150 2181 Rechtr,
1179 2104 1291 2182 wosrir
1302 2101 1452 2186 Jitlrrlr'clz
1475 2100 1543 2164 rim
1570 2101 1654 2165 Unse
1673 2100 1761 2165 Gold
1777 2121 1839 2164 art

703 2193 757 2257 die
783 2190 887 2255 Kurie
909 2213 948 2255 su
972 2190 1144 2255 cntrr'clztrn
1168 2193 1211 2254 ist
1229 2195 1265 2275 ¹).

726 2328 810 2387 1157
827 2322 1010 2408 September
1023 2328 1079 2388 28.
1111 2321 1250 2407 Anagnr'.

315 2459 480 2541 Adrianus
500 2456 526 2543 α)
544 2460 728 2541 episcopus,
751 2479 861 2521 servus
877 2478 1043 2521 servorum
1065 2458 1125 2530 dei,
1149 2458 1273 2521 dilectis
1289 2457 1360 2520 filiis
1375 2458 1546 2532 Riccardo,
1569 2457 1667 2539 priori
1685 2455 1841 2520 ecclesie

157 2550 262 2611 sancti
294 2548 456 2609 Leonardi
488 2550 530 2610 de
562 2549 803 2624 Lamavolaria,
844 2549 977 2627 eiusque
1016 2547 1181 2621 iratribuS,
1218 2556 1284 2609 tam
1324 2546 1530 2629 presentibus
1569 2567 1668 2628 quam
1700 2546 1835 2619 suturis,

158 2638 345 2701 canonicam
369 2637 466 2699 vitam
491 2636 655 2719 professis,
679 2650 716 2700 IN
739 2650 815 2700 PPM.
839 2674 882 2682 -
902 2633 907 2721 Ι
928 2636 1087 2699 Effectum
1112 2638 1195 2698 iusta
1219 2636 1456 2718 postulantibus
1480 2634 1649 2716 indulgere
1674 2643 1708 2696 et
1730 2636 1838 2715 vigor

158 2728 311 2809 equitatis
343 2735 376 2788 et
407 2727 489 2788 ordo
524 2728 624 2807 exigit
655 2727 794 2802 rationis,
826 2728 1011 2809 presertim,
1043 2727 1175 2807 quando
1207 2728 1386 2807 petentium
1410 2724 1608 2788 voluntatem
1640 2732 1674 2785 et
1703 2720 1825 2809 pi[etas

158 2813 301 2901 adiulvat
324 2823 356 2877 et
379 2817 494 2877 veritas
518 2836 582 2877 non
607 2815 766 2898 relinquit.
788 2824 792 2895 Ι
812 2817 1004 2898 Eapropter,
1028 2815 1136 2877 dilecti
1160 2817 1192 2877 in
1215 2817 1350 2876 domino
1373 2813 1438 2890 filii,
1462 2815 1576 2875 vestris
1591 2815 1684 2874 iustis
1708 2821 1823 2895 postu·

158 2905 333 2969 lationibus
364 2903 540 2967 clementer
570 2907 751 2979 annuimus,
783 2913 814 2967 et
847 2903 1007 2986 prefatam
1039 2902 1216 2977 ecclesiam,
1247 2904 1277 2964 in
1309 2924 1374 2984 qua
1396 2904 1506 2965 divino
1539 2904 1715 2984 mancipati
1747 2904 1822 2963 estis

159 2996 328 3074 obsequio,
351 2993 411 3054 sub
434 2993 521 3054 beati
536 2993 621 3056 Petri
643 3004 677 3056 et
700 3005 811 3056 nostra
827 2995 1032 3075 protectione
1055 2994 1248 3075 suscipimus
1271 3001 1304 3055 et
1327 2992 1484 3075 presentis
1507 2993 1618 3072 scripti
1639 2991 1821 3072 patrocinio

160 3084 406 3146 communimus.
456 3080 491 3143 In
523 3084 636 3163 primis
665 3083 826 3162 siquidem
858 3091 1047 3155 statuentes,
1080 3091 1113 3143 ut
1145 3082 1227 3145 ordo
1259 3083 1440 3155 canonicus,
1472 3081 1526 3161 qui
1558 3079 1740 3141 secundum
1769 3080 1819 3142 dei

158 3175 309 3235 timorem
335 3180 368 3232 et
387 3170 473 3233 beati
490 3170 663 3251 Augustini
687 3172 830 3253 regulam
853 3172 884 3233 in
910 3171 1047 3234 ecclesia
1071 3173 1141 3251 ipsa
1164 3173 1328 3233 institutus
1352 3190 1424 3233 esse
1447 3170 1632 3243 dinoscitur,
1656 3170 1820 3251 perpetuis

160 3262 282 3324 ibidem
305 3260 508 3342 temporibus
535 3260 762 3323 inviolabiliter
793 3261 990 3323 observetur.
1036 3261 1195 3334 Preterea,
1228 3278 1450 3339 quascumque
1482 3259 1717 3340 possessiones,
1747 3278 1820 3339 que·

160 3369 300 3430 cumque
324 3349 411 3410 bona
434 3348 549 3410 eadem
574 3348 709 3411 ecclesia
732 3350 763 3411 in
787 3352 1020 3431 presentiarum
1045 3350 1127 3411 iuste
1151 3357 1183 3411 et
1206 3349 1347 3429 legitime
1370 3348 1519 3431 possidet
1546 3347 1655 3409 autin
1679 3346 1820 3409 futurum

160 3440 373 3501 concessione
398 3437 598 3518 pontificum,
622 3438 792 3519 largitione
815 3439 1004 3519 principum,
1030 3437 1195 3500 oblatione
1218 3436 1360 3500 fidelium
1392 3457 1449 3500 seu
1477 3436 1547 3498 aliis
1576 3434 1821 3498 rationabilibus

161 3529 277 3601 modis,
301 3535 465 3608 prestante
482 3526 625 3600 domino,
644 3530 766 3609 poterit
781 3528 927 3609 adipisci,
944 3526 1035 3589 firma
1050 3527 1144 3589 vobis
1160 3527 1397 3608 imperpetuum
1414 3535 1447 3589 et
1463 3525 1586 3588 illibata
1601 3532 1822 3607 permaneant

161 3615 340 3679 Statuimus
364 3616 496 3697 quidem
516 3614 553 3698 b),
578 3625 612 3677 ut
635 3619 832 3697 quicumque
855 3617 895 3679 ad
921 3617 1060 3678 eundem
1083 3615 1190 3677 locum
1215 3636 1276 3697 pro
1299 3614 1406 3695 aliqua
1430 3616 1625 3677 necessitate
1644 3613 1824 3695 confugerit

160 3709 228 3768 sive
251 3707 398 3786 captivus
422 3705 517 3766 luerit
539 3706 604 3767 sive
628 3706 716 3779 alius,
740 3706 843 3767 nullus
867 3707 897 3767 in
921 3726 994 3768 euni
1020 3725 1132 3767 manus
1155 3705 1272 3767 inicere
1295 3705 1422 3781 audeat,
1446 3705 1504 3766 sed
1525 3704 1644 3785 potius,
1668 3703 1825 3784 quamdiu

161 3795 205 3857 ibi
234 3794 338 3867 luerit,
362 3796 405 3856 de
427 3795 493 3855 vita
523 3802 556 3856 et
586 3795 823 3875 indempnitate
854 3815 994 3876 persone
1025 3814 1082 3857 sue
1113 3814 1243 3856 securus
1275 3796 1402 3856 existat.
1449 3793 1561 3856 Liceat
1590 3793 1690 3853 etiam
1721 3792 1826 3867 vobis,

163 3883 309 3958 clericos,
332 3885 435 3964 petita
457 3890 566 3945 tamen
588 3882 614 3966 c)
637 3883 679 3945 ab
703 3885 866 3965 episcopis
889 3886 955 3946 suis
978 3884 1116 3959 licentia,
1141 3885 1209 3945 sive
1232 3883 1354 3945 liberos
1371 3883 1479 3955 laicos,
1503 3880 1649 3944 eseculo
1664 3880 1827 3962 fugientes

163 3981 195 4035 et
218 3974 260 4034 ad
283 3981 425 4035 vestrum
450 3971 623 4053 collegium
649 3973 782 4034 transire
805 3972 950 4035 volentes
972 3970 1009 4057 d),
1040 3972 1160 4034 tamin
1185 3974 1261 4047 vita,
1292 3990 1389 4051 quam
1414 3973 1446 4033 in
1470 3979 1574 4032 morte
1597 3971 1766 4051 suscipere
1787 3990 1826 4032 ac

162 4063 280 4144 pariter
303 4064 449 4123 retinere.
494 4061 580 4124 Sane
603 4063 728 4136 crisma,
754 4061 860 4123 oleum
885 4071 1040 4135 sanctum,
1065 4063 1327 4123 consecrationes
1351 4061 1498 4123 altarium
1529 4076 1586 4121 seu
1609 4058 1827 4133 basilicarum,

162 4152 381 4213 ordinationes
409 4149 617 4225 clericorum,
647 4151 701 4229 qui
733 4151 773 4212 ad
806 4170 915 4213 sacros
940 4152 1070 4213 ordines
1106 4149 1224 4212 suerint
1254 4150 1479 4230 promovendi,
1514 4169 1533 4210 a
1563 4148 1742 4210 diocesano
1776 4168 1828 4210 su·

162 4242 308 4321 scipietis
332 4240 497 4320 episcopo,
521 4239 683 4320 siquidem
707 4238 886 4301 catholicus
909 4238 1005 4301 fuerit
1029 4248 1062 4300 et
1085 4241 1222 4319 gratiam
1239 4247 1337 4318 atque
1360 4239 1623 4301 communionem
1645 4236 1829 4319 apostolice

163 4329 247 4390 sedis
270 4327 418 4390 habuerit
445 4339 477 4390 et
501 4347 539 4389 ea
562 4331 661 4409 gratis
685 4336 718 4390 et
746 4328 870 4407 absque
897 4331 1057 4410 pravitate
1079 4328 1218 4390 voluerit
1241 4327 1404 4403 exhibere,
1434 4326 1574 4406 alioquin
1605 4325 1701 4388 liceat
1724 4326 1828 4401 vobis,

164 4416 374 4490 catholicum,
413 4435 511 4495 quern
543 4417 734 4489 malueritis,
775 4418 865 4479 adire
896 4419 1088 4489 antistitem,
1126 4419 1181 4496 qui
1214 4426 1324 4479 nostra
1354 4415 1454 4479 fultus
1485 4416 1695 4488 auctoritate,
1735 4415 1828 4494 quod

163 4505 351 4588 postulatur,
374 4506 549 4587 indulgeat.
595 4504 748 4568 Obeunte
770 4526 847 4568 vero
870 4515 911 4581 te,
942 4506 1057 4568 dilecte
1087 4507 1117 4567 in
1148 4506 1283 4568 domino
1310 4503 1354 4568 fili
1377 4505 1543 4578 Riccarde,
1573 4524 1658 4567 nunc
1681 4504 1828 4566 eiusdem

163 4594 226 4657 loci
259 4596 361 4676 prior,
391 4594 443 4656 vel
475 4603 603 4657 tuorum
625 4595 652 4679 e)
686 4595 908 4674 quorumlibet
937 4615 1179 4668 successorum,
1220 4594 1325 4657 nullus
1358 4595 1403 4656 ibi
1440 4592 1584 4676 qualibet
1613 4593 1829 4673 surreptionis

164 4682 331 4767 astutias)
360 4703 416 4745 seu
447 4683 600 4747 violentia
630 4693 841 4765 preponatur,
872 4684 929 4745 nisi
961 4704 1057 4764 quem
1090 4683 1205 4745 iratres
1234 4685 1396 4746 communi
1428 4702 1586 4745 consensu
1610 4679 1661 4744 vel
1692 4681 1829 4744 fratrum

165 4793 239 4856 pars
262 4773 383 4835 consilii
407 4775 543 4834 sanioris
566 4774 743 4834 secundum
767 4773 864 4835 deum
889 4783 922 4836 et
945 4774 1032 4835 beati
1047 4773 1222 4853 Augustini
1239 4773 1384 4854 regulam
1407 4772 1605 4854 previderint
1629 4771 1828 4852 eligendum.

164 4861 252 4925 Nulli
283 4882 361 4943 ergo
393 4861 560 4924 hominum
592 4862 638 4923 sas
671 4863 728 4937 sit,
768 4862 929 4943 prefatum
970 4863 1077 4925 locum
1108 4869 1250 4924 vestrum
1289 4870 1413 4924 temere
1451 4860 1642 4942 perturbare
1672 4867 1728 4922 aut
1760 4862 1830 4922 eius

166 4953 387 5033 possessiones
417 4952 542 5013 auserre
574 4951 624 5013 vel
659 4951 784 5013 ablatas
817 4953 970 5026 retinere,
1002 4953 1146 5013 minuere
1180 4971 1236 5013 seu
1268 4948 1465 5030 quibuslibet
1503 4948 1743 5032 gravaminibus
1765 4958 1831 5011 -aut

164 5036 439 5124 vexa(c)tionibus
458 5040 486 5123 g)
509 5040 653 5120 fatigare,
677 5041 735 5102 sed
759 5035 890 5125 olmnia]
906 5040 1030 5122 integra
1046 5048 1284 5113 conserventur,
1307 5042 1421 5102 vestris
1438 5035 1492 5124 [et]
1510 5058 1691 5121 pauperum
1708 5036 1830 5102 Christi

166 5130 276 5192 usibus
300 5129 475 5210 profutura,
499 5129 587 5191 salva
609 5129 791 5211 apostolice
815 5129 902 5191 sedis
925 5132 1117 5191 auctoritate
1134 5139 1167 5191 et
1186 5129 1349 5192 diocesani
1366 5128 1510 5210 episcopi
1526 5129 1683 5190 canonica
1699 5129 1829 5190 iustitia.

165 5218 222 5281 Ad
245 5219 397 5280 indicium
422 5227 529 5280 autern
561 5226 717 5301 percepte
747 5217 841 5280 huius
863 5239 882 5280 a
905 5217 1053 5281 Romana
1076 5218 1211 5281 ecclesia
1240 5217 1398 5281 libertatis
1428 5217 1560 5298 singulis
1583 5217 1675 5279 annis
1699 5219 1827 5278 unciam

166 5308 232 5370 auri
266 5307 361 5370 nobis
392 5309 575 5389 nostrisque
604 5307 846 5370 successoribus
877 5308 1076 5389 persolvetis.
1123 5304 1158 5370 Si
1190 5326 1255 5386 qua
1276 5327 1354 5370 sane
1385 5306 1604 5370 ecclesiastica
1634 5302 1829 5368 secularisve

325 5504 351 5565 a)
371 5518 386 5550 a
403 5501 603 5566 ilbergescln'eben
693 5502 720 5567 b)
738 5502 824 5551 rudem
834 5500 866 5567 (i)
956 5503 980 5559 ci
998 5516 1043 5551 vor
1059 5509 1143 5550 tamen
1162 5504 1246 5549 li’asrer
1327 5501 1354 5560 d)
1374 5517 1419 5550 vor
1435 5502 1548 5550 volentes
1566 5503 1651 5550 Ranrr
1721 5503 1747 5565 e)
1765 5496 1829 5550 rtet·

167 5572 234 5622 weise
251 5574 303 5638 aus
314 5576 398 5623 li’anrr
480 5574 542 5635 oin
560 5575 603 5623 der
626 5575 780 5638 l'rrbiruimq,r
795 5590 842 5621 von
861 5580 882 5621 st
897 5579 1002 5637 griissrrr
1021 5576 1105 5621 li'asur
1187 5575 1213 5636 g)
1232 5573 1402 5637 rrrspriirrgliclr
1422 5573 1601 5623 exactionibus.
1622 5614 1673 5624 ....
1693 5579 1730 5637 .t)
1754 5574 1828 5637 Vergl.

167 5645 205 5693 dir
228 5645 288 5696 tfrk.
306 5662 359 5695 vom
379 5649 414 5696 30
434 5646 501 5711 eri
521 5648 595 5696 1137.
