3982 6194
368 459 389 545 †
411 464 485 545 Ego
508 458 680 526 Rainerius
703 458 867 545 presbiter
889 459 1058 527 cardinalis
1081 462 1129 526 tit.
1154 469 1267 526 sancte
1291 462 1398 526 Prisce
1421 484 1460 525 ss.
1486 463 1499 544 (
1524 464 1538 545 i

368 553 388 633 †
412 551 485 634 Ego
509 549 655 614 Thomas
680 553 842 633 presbiter
865 554 1037 616 cardinalis
1062 554 1107 615 tit.
1132 551 1268 616 Vestine
1291 573 1332 614 ss.

368 642 389 721 †
412 644 485 722 Ego
509 641 684 703 HUBaldus
708 642 870 724 presbiter
893 642 1063 704 cardinalis
1086 645 1134 704 tit.
1160 651 1272 705 sancte
1295 642 1452 704 Praxedis
1475 661 1517 702 ss.
1544 643 1595 720 [4]

369 730 390 813 †
413 733 486 812 Ego
511 730 702 793 Mansredus
725 732 888 812 presbiter
912 733 1084 794 cardinalis
1107 733 1154 793 tit.
1179 740 1291 793 sancte
1315 729 1437 793 Savine
1460 750 1501 792 ss,

374 857 412 867 -
436 821 457 900 †
480 820 553 900 Ego
578 817 686 881 Guido
710 821 867 883 diaconus
891 821 1064 883 cardinalis
1087 829 1198 882 sancte
1223 819 1343 883 Cosme
1367 828 1400 881 et
1423 819 1573 880 Damiani
1596 839 1637 880 ss.

370 909 391 988 †
415 909 487 991 Ego
512 907 677 971 Gerardus
701 911 857 973 diaconus
881 911 1054 973 cardinalis
1078 919 1189 993 sancte
1213 910 1314 994 Marie
1338 910 1369 970 in
1394 908 1555 971 Domnica
1578 928 1619 970 ss.
1643 903 1689 991 (3)

369 997 390 1077 †
414 999 486 1080 Ego
511 997 673 1060 lohannes
698 1020 824 1080 paparo
847 1001 1005 1062 diaconus
1029 1000 1199 1062 cardinalis
1223 1000 1324 1061 sancti
1349 996 1487 1060 Adriani
1510 1018 1551 1058 ss.
1576 995 1623 1081 (1)

369 1086 390 1165 †
413 1086 485 1169 Ego
510 1086 673 1149 Iohannes
697 1090 853 1152 diaconus
877 1089 1050 1152 cardinalis
1073 1098 1184 1151 sancte
1208 1089 1309 1149 Marie
1332 1086 1427 1148 Nove
1451 1107 1491 1148 ss

317 1172 394 1236 Dat.
418 1175 523 1240 Rome
544 1184 580 1254 ²),
613 1197 672 1258 per
704 1198 835 1240 manum
868 1176 1041 1251 GERARDI,
1074 1187 1186 1240 sancte
1213 1178 1363 1239 Romane
1395 1177 1532 1238 ecclesie
1561 1176 1733 1257 presbiteri
1766 1196 1834 1238 car·

153 1260 273 1324 dinalis
298 1283 337 1324 ac
363 1264 613 1328 bibliothecarii.
652 1279 715 1328 V111
738 1266 816 1329 Idus
840 1268 958 1330 Martii.
1004 1267 1187 1330 indictione
1203 1279 1262 1329 VII.
1308 1267 1539 1329 iucarnationis
1563 1265 1725 1327 dominice
1749 1286 1833 1327 anno

153 1362 304 1414 uthLnl.
350 1354 562 1418 Pontificatus
585 1375 663 1417 vero
687 1356 801 1419 domni
825 1356 1219 1421 CelestiniPP.11anno
1243 1358 1359 1436 primo.

321 1467 364 1515 Or.
384 1469 417 1517 im
436 1470 551 1519 Archivio
569 1470 597 1518 di
612 1470 679 1518 Stolo
696 1487 726 1518 zu
744 1470 867 1520 Mailarrd.

320 1539 391 1606 Perg.
409 1542 469 1601 r'taL,
487 1543 523 1591 br.
543 1546 594 1601 ⁰,5,
613 1544 674 1607 long
691 1545 760 1603 0,⁶7,
781 1549 855 1591 untm
876 1543 955 1601 0932
975 1542 1164 1607 umgesclzlogm,
1184 1542 1262 1590 durch
1279 1543 1337 1591 zuei
1347 1542 1440 1590 Lo'clrer
1452 1541 1509 1606 geht
1525 1541 1562 1590 die
1580 1540 1721 1604 braungelbe
1739 1540 1835 1588 Seiden-

153 1607 254 1666 schnur,
280 1608 353 1658 deren
371 1612 451 1678 Sr'egel
464 1616 581 1663 verloren.
618 1614 726 1678 Faltung
749 1614 793 1662 der
809 1615 904 1662 Bullen.
943 1614 1054 1662 Initiole:
1071 1614 1187 1679 kreistrges
1206 1614 1227 1662 C
1251 1615 1296 1661 mit
1321 1615 1475 1679 cingeretztem
1495 1614 1524 1661 E.
1561 1615 1614 1661 Der
1635 1612 1778 1674 Papsluame
1802 1613 1834 1659 iru

155 1694 183 1727 os
201 1680 286 1728 betord.
330 1682 487 1751 Vererergmrg
504 1685 690 1746 NrAllFfM,
726 1693 784 1734 stat!
801 1686 840 1734 des
859 1686 970 1734 Druckes
988 1686 1162 1749 Deppellr'nien,
1174 1687 1242 1749 field
1259 1688 1345 1745 0,076.
1383 1686 1420 1733 Im
1439 1685 1580 1746 libusmitle
1601 1683 1678 1733 slehen
1697 1684 1734 1732 die
1759 1683 1836 1732 Worte

155 1750 210 1798 serit
228 1753 399 1813 auseinonder,
418 1757 455 1805 die
474 1756 616 1822 Masieskelre
634 1759 692 1805 sind
707 1758 799 1815 beton!;
823 1757 917 1806 sklare
935 1757 1249 1821 Spiiaselmppensclmiirkel,
1277 1764 1299 1806 st
1317 1757 1394 1805 deden
1412 1758 1446 1805 bis
1463 1773 1492 1804 au
1511 1757 1590 1815 0,023
1608 1756 1774 1813 auseinander,
1799 1756 1836 1803 dr'e

158 1822 309 1887 Oberldrrgen
326 1826 431 1875 aiemlich
447 1829 572 1893 gestreekl,
599 1828 744 1877 Zeilenweile
763 1831 831 1887 0,02.
870 1830 934 1877 Drer'
949 1833 1026 1878 Amen
1045 1829 1092 1877 Nr.
1113 1833 1128 1876 5
1146 1829 1270 1878 schliessen
1295 1829 1331 1877 die
1352 1831 1415 1876 derue
1434 1828 1502 1877 Zce'le.
1539 1830 1600 1875 Rota
1618 1826 1666 1879 Nr.
1691 1833 1710 1884 1,
1736 1826 1835 1875 Durclr·

156 1909 244 1942 messer
260 1897 350 1956 0,061,
378 1914 425 1947 ven
453 1901 496 1948 der
521 1903 602 1949 letzem
629 1900 691 1952 Zeile
710 1904 777 1960 0‚01,
805 1916 853 1949 von
880 1901 923 1948 der
945 1901 1026 1949 liuken
1050 1900 1131 1949 Ii'arrte
1149 1903 1236 1959 qous,
1263 1916 1317 1948 veru
1346 1899 1527 1965 Monegromnre
1551 1899 1636 1958 0243.
1666 1898 1835 1962 Monegramm

156 1965 203 2014 Nr.
224 1965 262 2025 1⁶,
280 1967 341 2015 horle
360 1972 447 2031 outo,
471 1971 530 2020 breit
548 1974 635 2030 uoto.
676 1972 862 2035 Ungewdhnlr'ck
887 1973 988 2020 deutlich
1007 1974 1091 2021 weisen
1117 1972 1260 2037 Ringkreua,
1286 1972 1381 2020 Eund
1396 1988 1420 2019 ss
1444 1973 1488 2019 der
1508 1970 1670 2034 Untersehm'ft
1692 1971 1742 2018 eine
1759 1970 1839 2018 Hand

156 2037 211 2084 med
226 2037 304 2087 Dr‘nte
313 2040 369 2103 fiir
385 2042 435 2090 sich
454 2044 508 2107 dees.
547 2044 594 2091 Die
612 2045 741 2109 Dau'rung
765 2044 838 2091 nilne
854 2061 908 2092 vem
928 2045 1051 2093 Schrer'ber
1068 2045 1108 2093 des
1126 2044 1307 2107 Hauprttrpers
1323 2043 1373 2102 her,
1401 2043 1507 2092 Gerardi
1532 2043 1603 2090 datin
1618 2042 1746 2107 geklemmt
1763 2041 1837 2089 naed-

153 2116 275 2174 gdragen.
314 2110 497 2178 Zeugmfirmen
524 2131 578 2162 mm
601 2121 708 2180 griissten
731 2115 756 2163 T
752 2115 810 2164 heile
837 2132 884 2165 von
909 2124 980 2164 uerter
1006 2116 1055 2164 sicle
1080 2116 1185 2181 gleicher
1201 2115 1282 2164 Hand
1303 2116 1358 2164 und
1379 2114 1460 2163 Dinte.
1498 2115 1553 2163 Der
1572 2114 1694 2179 Presbyter
1717 2112 1840 2176 Marrsred

156 2181 237 2229 Hand
251 2183 310 2230 und
325 2184 401 2234 Deiele
409 2188 465 2250 fiir
480 2187 537 2236 se'cla

918 2500 984 2574 Nr.
1017 2503 1077 2575 56.

158 2624 278 2689 Lucius
296 2626 342 2690 II
359 2625 511 2710 bestdtigt
530 2628 604 2692 dem
629 2628 779 2710 Biscleose
802 2631 899 2695 Peter
918 2653 978 2695 von
1002 2631 1109 2695 Nirea
1133 2631 1187 2695 die
1218 2652 1278 2694 von
1305 2630 1373 2693 ilem
1400 2628 1602 2713 eingefie'lerte
1626 2627 1837 2712 Augustiner·

471 2719 563 2800 regel
576 2720 637 2781 mit
651 2719 906 2785 Besitatleeimern
922 2721 992 2785 und
1004 2721 1142 2784 Rechten
1157 2721 1262 2784 seines
1275 2720 1473 2799 Hoclestz'fles
1492 2723 1526 2800 ¹).

785 2865 869 2925 1144
885 2862 987 2946 April
998 2866 1029 2926 5.
1061 2863 1211 2926 Lateran.

318 2990 439 3054 Lucius
463 2995 647 3076 episcopus,
671 3016 782 3059 servus
806 3018 973 3060 servorum
990 3000 1053 3072 dei,
1077 2997 1251 3060 venerabili
1273 2998 1363 3060 fratri
1379 2997 1485 3070 Petr0‚
1509 2994 1653 3057 Niciensi
1669 2994 1836 3076 episcopo,

158 3081 295 3160 eiusque
311 3083 557 3145 successoribus
574 3087 732 3147 canonice
748 3087 991 3164 substituendis,
1008 3101 1047 3150 IN
1064 3099 1140 3148 PPM.
1168 3084 1276 3149 Officii
1294 3087 1396 3148 nostri
1414 3107 1473 3148 nos
1489 3085 1637 3147 hortatur
1652 3085 1836 3157 auctoritas,

158 3188 216 3248 pro
241 3168 457 3233 ecclesiarum
480 3179 566 3234 statu
590 3183 740 3256 satagere
764 3184 796 3238 et
820 3196 930 3238 earum
954 3177 1054 3256 quieti
1079 3184 1112 3239 et
1136 3175 1264 3238 utilitati
1289 3176 1468 3247 salubriter,
1495 3173 1671 3236 auxiliante
1692 3174 1836 3246 domin0,

158 3259 342 3338 providere.
388 3259 532 3342 Dignum
558 3283 699 3342 namque
723 3273 756 3326 et
778 3263 941 3328 honestati
965 3268 1163 3328 conveniens
1187 3285 1258 3328 esse
1283 3267 1499 3346 cognoscitur,
1524 3273 1567 3336 ut,
1591 3265 1646 3342 qui
1669 3263 1710 3323 ad
1736 3260 1837 3323 eccle·

158 3348 277 3408 siarum
302 3348 448 3430 regimen
473 3352 631 3433 assumpti
654 3372 774 3429 sumus,
800 3374 854 3416 eas
878 3364 911 3417 et
934 3376 1143 3437 apravorum
1168 3353 1337 3417 hominum
1362 3354 1504 3431 nequitia
1527 3361 1676 3414 tueamur
1700 3359 1732 3412 et
1749 3351 1837 3413 beati

158 3435 243 3498 Petri
269 3444 370 3517 atque
393 3439 577 3518 apostolice
603 3442 691 3503 sedis
722 3444 901 3524 patrocinio
934 3447 1125 3507 muniamus,
1171 3444 1373 3526 Eapropter,
1405 3441 1597 3504 venerabilis
1620 3440 1720 3502 frater
1742 3441 1838 3502 Petre

159 3526 324 3607 episcope,
349 3527 526 3607 petitiones
549 3537 622 3590 tuas
645 3530 825 3594 clementer
847 3535 1051 3596 admittimus
1075 3543 1108 3596 et
1124 3532 1312 3595 Niciensem
1337 3532 1518 3604 ecclesiam,
1543 3531 1592 3593 cui
1616 3531 1681 3592 deo
1705 3538 1837 3591 auctore

160 3633 293 3695 preesse
318 3616 529 3696 dignosceris,
553 3628 665 3681 sancte
690 3619 838 3684 Romane
863 3622 997 3686 ecclesie
1021 3623 1190 3704 privilegio
1214 3623 1415 3684 roboramus.
1462 3619 1659 3693 Statuentes,
1692 3627 1727 3680 ut
1754 3618 1837 3679 ordo

160 3704 349 3778 canonicus,
380 3705 434 3783 qui
457 3707 637 3770 secundum
661 3709 749 3772 beati
774 3709 946 3792 Augustini
976 3711 1118 3792 regulam
1145 3720 1202 3773 tuo
1235 3710 1389 3773 laudabili
1420 3711 1529 3772 studio
1560 3716 1609 3771 est
1640 3710 1671 3770 in
1695 3705 1838 3769 Niciensi

161 3791 310 3869 ecclesia,
335 3793 400 3856 deo
424 3797 553 3876 gratias,
577 3796 750 3874 institutus,
773 3800 896 3861 ibidem
922 3801 1035 3863 futuris
1058 3801 1263 3882 temporibus
1287 3799 1552 3880 irrefragabiliter
1575 3797 1767 3860 observetur
1797 3805 1838 3870 et,

161 3880 401 3944 decedentibus
429 3883 571 3959 clericis,
603 3889 658 3965 qui
689 3889 719 3949 in
751 3892 989 3975 presentiarum
1020 3891 1051 3951 in
1083 3910 1121 3952 ea
1152 3890 1290 3951 domino
1321 3889 1530 3962 famulantur,
1563 3887 1669 3948 nullus
1702 3888 1748 3947 eis
1781 3885 1838 3946 nisi

162 3970 344 4052 regularem
368 3972 466 4034 vitam
498 3974 664 4054 professus
696 3978 869 4041 canonicus
900 3980 1105 4061 subrogetur.
1153 3976 1308 4041 Obeunte
1339 3997 1472 4058 quoque
1503 3984 1544 4051 te,
1577 3994 1662 4037 nunc
1693 3975 1837 4036 eiusdem

161 4058 222 4122 loci
247 4061 416 4141 episcopo,
441 4063 546 4124 nullus
570 4062 623 4139 ibi,
655 4066 714 4127 nisi
745 4086 843 4145 quem
876 4071 939 4150 ipsi
969 4069 1084 4131 fratres
1109 4070 1151 4131 de
1175 4088 1241 4141 sua,
1265 4069 1292 4129 si
1317 4068 1454 4129 idoneus
1486 4067 1530 4128 ibi
1564 4072 1712 4147 repertus
1735 4064 1838 4136 fuerit,

161 4150 228 4211 sive
244 4151 289 4211 de
305 4148 366 4211 alia
381 4153 613 4214 canonicorum
630 4155 825 4236 regularium
842 4160 1098 4240 congregatione
1115 4159 1272 4220 canonice
1289 4156 1452 4238 elegerint,
1476 4156 1652 4237 episcopus
1670 4160 1839 4226 statuatur,

161 4240 214 4316 qui
240 4239 350 4300 eidem
375 4239 520 4327 ecclesie,
544 4253 743 4324 cooperante
767 4246 911 4321 domiuo,
936 4267 1069 4332 preesse
1093 4247 1198 4308 valeat
1223 4255 1255 4308 et
1279 4246 1447 4327 prodesse.
1493 4243 1709 4306 Decernimus
1733 4242 1839 4315 etiarn,

162 4335 196 4389 ut
218 4346 429 4412 quecumque
453 4328 549 4405 bona,
574 4352 797 4415 quascumque
822 4337 1045 4417 possessiones
1070 4336 1185 4398 eadem
1210 4334 1346 4397 ecclesia
1371 4336 1402 4396 in
1433 4335 1667 4418 presentiarum
1700 4334 1783 4393 iuste
1807 4339 1840 4392 et

161 4420 318 4479 canonice
342 4419 499 4498 possidet,
523 4423 626 4482 autin
644 4422 787 4485 futurum
805 4428 1019 4488 concessione
1040 4425 1241 4507 pontificum,
1265 4424 1434 4505 largitione
1452 4443 1563 4504 regum
1581 4421 1631 4484 vel
1648 4422 1839 4503 principum,

162 4505 332 4569 oblatione
356 4505 499 4570 fidelium
522 4529 580 4572 seu
604 4510 672 4573 aliis
695 4512 784 4575 iustis
809 4515 924 4589 modis,
948 4523 1114 4596 prestante
1134 4515 1164 4586 b)
1189 4515 1333 4586 domino,
1358 4516 1479 4595 poterit
1494 4513 1640 4592 adipisci,
1665 4509 1758 4571 firma
1781 4509 1838 4570 tibi

161 4597 292 4676 tuisque
315 4596 557 4659 successoribus
582 4608 615 4660 et
638 4601 760 4664 eisdem
785 4603 945 4684 religiosis
977 4604 1130 4666 fratribus
1160 4606 1192 4666 in
1226 4611 1422 4684 perpetuum
1447 4609 1480 4663 et
1508 4602 1632 4663 illibata
1663 4607 1839 4661 serventur.

161 4683 196 4745 ln
221 4685 340 4766 quibus
364 4684 425 4769 hec
449 4689 591 4769 propriis
625 4691 812 4753 nominibus
843 4695 1032 4756 annotanda
1062 4693 1301 4757 subiunximus:
1342 4690 1512 4753 ecclesiam
1544 4689 1699 4752 videlicet
1729 4696 1840 4749 sancte

162 4775 268 4860 Marie
299 4774 343 4836 de
367 4773 505 4848 Clautio,
537 4777 708 4842 ecclesiam
741 4785 842 4843 sancti
866 4782 1032 4845 Laurentii
1056 4784 1098 4845 de
1122 4783 1262 4854 llloncia,
1295 4781 1451 4842 ecclesias
1475 4781 1517 4842 de
1542 4780 1634 4851 Brau,
1668 4777 1840 4839 ecclesiam

162 4872 273 4949 sancte
291 4863 392 4949 Marie
416 4865 459 4926 de
476 4863 563 4938 Pilia,
589 4867 761 4931 ecclesiam
785 4879 897 4957 sancte
914 4871 1022 4957 Tecle,
1047 4880 1189 4934 castrum
1214 4871 1304 4950 quod
1329 4879 1464 4932 vocatur
1486 4868 1643 4950 Drapum‚
1670 4865 1840 4927 ecclesiam

162 4960 274 5038 sancte
292 4953 396 5038 Marie
420 4953 495 5039 ville
519 4956 644 5030 veteris,
669 4957 823 5021 ecclesias
848 4961 890 5021 de
907 4959 1014 5036 Oliv0,
1039 4962 1210 5023 ecclesiam
1234 4968 1346 5045 sancte
1363 4961 1465 5044 Marie
1489 4959 1530 5020 de
1555 4965 1650 5038 portu
1667 4953 1840 5026 Monacho,

165 5043 398 5104 monasterium
434 5045 537 5106 sancti
568 5046 674 5108 Pontii
707 5067 780 5110 cum
813 5050 957 5113 ecclesiis
996 5051 1038 5112 ad
1070 5052 1177 5131 ipsum
1217 5048 1473 5130 pertinentibus,
1512 5067 1592 5127 quas
1633 5048 1664 5107 in
1695 5043 1841 5106 Niciensi

163 5133 357 5212 episcopatu
382 5130 526 5212 legitime
551 5134 721 5214 possidere
745 5140 960 5218 cognoscitur.
1006 5140 1157 5226 Preterea
1181 5139 1383 5212 mandamus,
1406 5146 1442 5199 ut
1458 5139 1489 5198 in
1507 5137 1624 5199 eodem
1644 5135 1842 5196 monasterio

162 5220 265 5282 abbas
298 5240 319 5281 a
350 5220 520 5283 monachis
554 5223 741 5304 regulariter
771 5225 909 5308 eligatur
939 5237 972 5290 et
1002 5250 1061 5311 per
1093 5249 1206 5291 manus
1237 5227 1398 5289 Niciensis
1433 5227 1581 5307 episcopi
1620 5223 1841 5286 benedicatur.

163 5308 411 5393 Predecessoris
442 5329 576 5390 quoque
608 5316 710 5376 nostri
743 5314 841 5378 felicis
861 5321 889 5395 e)
921 5320 1079 5381 memorie
1098 5328 1128 5395 0)
1160 5317 1285 5381 Urbani
1316 5336 1402 5401 pape
1434 5315 1576 5396 vestigiis
1607 5312 1792 5399 inherentes
1819 5311 1842 5392 ²)

161 5400 351 5474 statuimus,
382 5418 424 5461 ne
454 5400 485 5461 in
517 5400 760 5481 parochialibus
791 5405 952 5482 ecclesiis,
984 5428 1064 5489 quas
1096 5416 1210 5470 tenent
1242 5404 1394 5468 monachi
1425 5406 1458 5467 in
1489 5405 1608 5467 eodem
1639 5404 1842 5485 episcopatu,

324 5592 351 5657 a)
371 5607 429 5642 ome
451 5595 505 5657 aus
522 5595 608 5643 Rasur
732 5597 759 5662 b)
779 5606 882 5663 parante
906 5603 937 5664 A,
961 5608 1082 5666 operante
1101 5602 1132 5651 B.
1257 5601 1281 5665 c)
1292 5600 1361 5663 fehlt
1380 5600 1406 5648 r'n
1424 5599 1455 5648 B.
1475 5636 1527 5642 --
1546 5601 1582 5665 ,1)
1606 5598 1654 5647 Die
1670 5595 1796 5660 Abschrr'st
1811 5596 1841 5643 A.

162 5662 237 5714 dieser
257 5664 380 5714 Urkemde
395 5664 516 5715 verdanke
533 5664 572 5714 icle
590 5665 675 5715 Herrn
695 5668 781 5718 Pastor
798 5671 914 5723 Mader
930 5675 956 5722 in
974 5674 1059 5723 Niara.
1134 5676 1161 5741 2)
1187 5672 1258 5722 Wold
1277 5669 1356 5738 Jaffe',
1375 5673 1433 5737 Reg.
1454 5671 1531 5720 4034.
