3974 6188
252 268 293 345 38
1213 326 1233 351 ..

250 454 361 517 villam
384 453 506 535 Quinti,
539 462 572 516 et
604 453 713 515 locum
744 452 799 534 qui
832 451 948 514 dicitur
970 449 1066 525 Villa,
1094 459 1127 512 et
1155 450 1278 512 Lusina
1308 470 1383 513 cum
1406 452 1551 515 ecelesiis
1582 461 1615 514 et
1645 451 1923 515 decimacionibus

251 563 375 620 earum;
399 543 532 607 castella
546 563 624 606 vero
641 552 675 604 et
689 541 781 604 villas
796 551 920 603 vestras
936 539 1165 602 nichilominus
1181 539 1421 615 confirmamus,
1437 542 1589 604 videlicet
1605 540 1730 616 Cereta,
1754 540 1922 617 Erbetum,

250 635 452 715 Fagnanum,
476 633 760 713 Ponteposserum,
784 630 932 693 Pradelle
948 649 1022 692 cum
1039 629 1173 709 capella,
1197 629 1339 710 Englare
1355 630 1526 693 dimidium
1544 650 1617 693 cum
1634 629 1769 712 capella,
1785 630 1923 706 Bionde,

250 722 384 798 Purcile‚
414 722 636 797 Trezolinum‚
668 720 829 796 Cretiana,
861 720 1042 794 Marciana,
1073 718 1242 781 Pulianum
1274 729 1306 781 et
1337 720 1481 783 medium
1512 719 1774 801 Romagnanum,
1805 720 1923 796 Pruno,

251 811 503 888 Calmassinum;
540 811 572 872 in
604 811 762 874 comitatu
785 809 980 871 Tridentino
1011 808 1211 888 Bergusium,
1242 809 1374 883 Bundo,
1403 809 1576 885 Bulberio,
1607 809 1818 872 Badabiones
1850 828 1924 872 cum

250 901 386 983 capella,
416 901 532 963 silvam
563 901 662 962 etiam
693 921 757 981 que
782 899 898 961 dicitur
921 897 1105 978 Collegaria
1128 918 1202 959 cum
1225 898 1381 979 piscariis,
1412 909 1445 961 et
1467 900 1597 962 tertiam
1621 908 1748 980 partem
1781 899 1923 961 nemoris

251 991 306 1071 qui
336 990 454 1053 dicitur
475 989 651 1071 Bardagna
681 989 823 1063 nomine,
851 998 884 1050 et
907 988 1071 1070 palacium
1102 1006 1176 1049 cum
1199 997 1296 1068 porta
1320 1037 1326 1050 .
1350 1035 1357 1048 .
1383 1037 1389 1050 .
1412 989 1515 1051 sancti
1539 988 1689 1063 Zenonis,
1720 987 1923 1050 oblationem

250 1081 349 1142 etiam
381 1080 550 1142 dimidiam
587 1079 732 1141 eiusdem
762 1078 951 1140 monasterii
981 1076 1085 1139 sancti
1117 1075 1274 1158 Zenonis,
1313 1078 1345 1139 in
1377 1077 1512 1159 singulis
1550 1076 1780 1140 festivitatibus
1822 1076 1923 1158 ipsius

250 1169 447 1232 confessoris
470 1189 489 1231 a
512 1168 654 1231 diluculo
678 1189 781 1248 usque
804 1167 847 1230 ad
871 1166 984 1229 horam
1001 1166 1144 1239 terciam,
1168 1166 1330 1229 decimam
1347 1187 1479 1248 quoque
1503 1177 1536 1230 et
1552 1177 1648 1248 porte
1663 1167 1803 1229 civitatis
1819 1167 1922 1228 sancti

249 1258 391 1321 Zenonis
414 1269 447 1321 et
469 1258 564 1339 burgi
588 1268 621 1320 et
644 1258 844 1320 decimarum
866 1256 1059 1318 Braidarum
1081 1255 1327 1337 episcopalium.
1373 1257 1477 1319 Iustas
1505 1269 1612 1319 autem
1645 1266 1677 1318 et
1708 1255 1924 1319 racionabiles

250 1348 502 1410 consuetudines
531 1356 669 1424 vestras,
703 1369 722 1409 a
752 1346 1039 1428 predecessoribus
1069 1346 1188 1407 nostris
1217 1346 1313 1408 vobis
1344 1345 1503 1421 firmam,
1541 1345 1753 1409 concedimus
1781 1344 1924 1407 illibatas

248 1438 442 1500 auctoritate
465 1436 648 1518 apostolica
671 1436 864 1498 conservari.
910 1435 1110 1516 Precipimus
1133 1435 1246 1510 etiam,
1271 1455 1312 1497 ne
1343 1436 1416 1515 quis
1439 1445 1581 1497 vestrum
1606 1434 1731 1515 absque
1755 1435 1923 1497 communi

250 1527 397 1589 omnium
421 1547 581 1589 consensu
605 1526 657 1589 vel
683 1526 786 1607 partis
816 1525 954 1587 sanioris
985 1523 1110 1586 consilii
1141 1524 1239 1600 bona,
1271 1524 1416 1587 redditus
1448 1525 1499 1587 vel
1530 1525 1756 1606 possessiones
1786 1523 1924 1587 ecclesie

248 1626 355 1679 vestre
379 1616 473 1679 alicui
497 1636 637 1697 persone
668 1615 746 1678 dare
777 1625 974 1696 presumat.
1000 1662 1006 1676 .
1033 1662 1040 1675 .
1066 1615 1133 1691 st).
1180 1613 1244 1694 Qui
1269 1623 1378 1677 autem
1407 1614 1553 1677 indebite
1586 1615 1664 1677 data
1686 1614 1738 1676 vel
1768 1613 1924 1676 distracta

250 1705 345 1768 fuerit
369 1705 410 1767 ad
434 1706 482 1768 ius
505 1714 539 1768 et
562 1704 744 1767 dominium
766 1714 910 1767 vestrum
941 1703 1043 1767 libere
1074 1713 1282 1778 revertantur,
1313 1703 1457 1766 decimas
1479 1724 1558 1766 vero
1590 1704 1631 1766 de
1661 1704 1724 1785 piis
1755 1702 1923 1767 laboribus

249 1795 363 1857 vestris
394 1816 451 1857 seu
484 1796 583 1857 etiam
614 1794 760 1856 redditus
792 1815 811 1855 a
840 1793 937 1857 vobis
967 1793 1098 1874 exigere
1127 1793 1179 1855 vel
1209 1793 1374 1874 suscipere
1412 1793 1569 1856 laicorum
1607 1813 1706 1856 nemo
1745 1802 1923 1874 presumat.

249 1885 465 1947 Decernimus
488 1905 576 1965 ergo,
609 1890 644 1945 ut
673 1883 751 1945 nulli
776 1883 911 1946 omnino
944 1883 1115 1945 hominum
1139 1882 1188 1944 fas
1219 1883 1269 1958 sit,
1302 1882 1469 1964 prefatam
1495 1883 1668 1946 ecclesiam
1698 1891 1821 1945 temere
1852 1902 1923 1964 pcr-

249 1973 380 2037 turbare
415 1984 471 2037 aut
511 1974 581 2036 eius
614 1974 839 2054 possessiones
882 1972 1006 2035 auferre
1040 1971 1091 2035 vel
1127 1971 1254 2035 ablatas
1293 1973 1447 2049 retinere,
1489 1973 1634 2035 minuere
1668 1992 1724 2035 seu
1760 1971 1924 2053 aliquibus

248 2062 484 2126 vexacionibus
508 2063 653 2144 fatigare,
676 2072 727 2125 set
751 2063 862 2124 omnia
885 2062 1011 2143 integra
1034 2071 1265 2124 conserventur
1287 2082 1409 2138 eorum,
1432 2083 1493 2144 pro
1518 2082 1656 2144 quorum
1679 2061 1923 2143 gubernacione

249 2161 283 2215 et
305 2153 548 2215 sustentaeione
572 2172 728 2215 concessa
751 2160 834 2227 sunt,
865 2151 977 2214 usibus
1001 2150 1200 2213 omnimodis
1215 2151 1401 2232 profutura.
1448 2152 1482 2215 Si
1508 2173 1573 2233 qua
1596 2151 1693 2232 igitur
1723 2151 1755 2212 in
1780 2151 1923 2214 futurum

249 2242 469 2305 ecclesiastiea
491 2241 684 2305 secularisve
706 2261 859 2323 persona,
883 2239 968 2304 hanc
991 2250 1102 2303 nostre
1125 2240 1368 2303 constitutionis
1392 2242 1548 2323 paginam
1571 2241 1685 2316 sciens,
1710 2249 1826 2303 contra
1849 2260 1923 2303 eam

249 2342 372 2394 temere
401 2331 512 2394 venire
542 2331 760 2412 temptaverit,
793 2330 938 2393 secundo
970 2330 1113 2393 terciove
1144 2331 1361 2405 commonita,
1393 2332 1419 2392 si
1452 2351 1518 2394 non
1549 2350 1694 2411 congrue
1720 2330 1923 2406 satisfecerit,

249 2422 423 2502 potestatis
446 2420 646 2502 honorisque
669 2420 717 2482 sui
742 2420 903 2501 dignitate
927 2429 1043 2495 careat,
1075 2439 1229 2500 reamque
1260 2440 1295 2482 se
1326 2419 1438 2482 divino
1471 2420 1591 2483 iudicio
1616 2420 1755 2483 existere
1786 2420 1828 2482 de
1852 2440 1923 2502 per·

248 2520 378 2592 petrata
416 2511 587 2592 iniquitate
627 2519 806 2591 cognoscat
837 2518 871 2572 et
904 2530 924 2572 a
953 2509 1172 2572 sacratissimo
1203 2529 1342 2590 corpore
1379 2530 1417 2573 ac
1446 2511 1605 2590 sanguine
1637 2509 1689 2570 dei
1722 2519 1755 2571 et
1787 2510 1924 2586 domini,

250 2600 468 2682 redemptoris
498 2599 599 2662 nostri
631 2600 702 2662 lesu
734 2598 861 2674 Christi,
895 2599 1002 2662 aliena
1032 2598 1097 2661 fiat
1144 2598 1277 2662 Cunctis
1307 2608 1429 2671 autem,
1461 2599 1568 2662 eidem
1601 2598 1737 2661 ecclesie
1767 2619 1826 2661 sua
1856 2599 1925 2661 iura

249 2689 461 2764 servantibus,
485 2689 528 2751 sit
550 2709 619 2770 pax
642 2688 767 2752 domini
791 2689 893 2751 nostri
917 2689 988 2751 lesu
1013 2686 1141 2762 Christi,
1174 2697 1333 2768 quatenus
1364 2688 1472 2751 ethic
1496 2688 1634 2751 fructum
1665 2687 1753 2751 bone
1785 2689 1925 2751 actionis

248 2779 432 2860 percipiant
455 2788 488 2840 et
511 2778 601 2860 apud
626 2778 807 2841 districtum
831 2778 972 2840 iudicem
996 2778 1122 2858 premia
1145 2787 1255 2840 eterne
1279 2778 1370 2858 pacis
1393 2779 1568 2841 inveniant.
1614 2777 1736 2840 Amen.

462 2868 535 2949 Ego
559 2868 769 2931 Innocentius
793 2867 954 2930 catholice
977 2867 1115 2929 ecclesie
1139 2866 1315 2948 episcopus
1338 2888 1379 2929 ss.

408 2957 496 3020 Data
518 2958 681 3033 Laterani,
706 2978 765 3038 per
788 2977 921 3019 manum
936 2956 1103 3032 Aimerici,
1127 2966 1239 3019 sancte
1261 2957 1411 3019 Romane
1435 2957 1571 3020 ecclesie
1595 2956 1724 3018 diaconi
1749 2957 1925 3020 cardinalis

249 3054 282 3106 et
310 3046 502 3108 cancellarii.
548 3059 610 3110 XVI
632 3045 706 3108 Kal.
731 3045 843 3108 Madii.
889 3045 1073 3109 Indictione
1096 3061 1143 3108 111.
1189 3046 1425 3109 lncarnationis
1454 3046 1619 3109 dominice
1651 3065 1739 3108 anno
1763 3058 1924 3110 Mcxxxx.

248 3133 460 3197 Pontificatus
483 3157 561 3198 vcro
586 3136 699 3198 domni
723 3136 907 3199 Innocentii
931 3156 987 3217 pp.
1012 3150 1036 3198 11
1060 3155 1147 3198 anno
1172 3150 1218 3197 xl.

308 3320 332 3368 V
408 3249 608 3314 Ir'opialurkemde
631 3251 672 3299 dcs
691 3251 722 3300 13
744 3250 927 3315 Jalrrleunderts
955 3250 991 3314 (S.
1012 3249 1115 3298 Mirlrele
1140 3248 1167 3297 di
1193 3249 1342 3315 Campagnu,
1367 3252 1449 3299 Rotolo
1467 3253 1483 3300 5
1500 3252 1575 3316 (φῇ),
1600 3249 1627 3298 in
1650 3251 1694 3299 der
1710 3250 1772 3300 Bibl.
1795 3251 1926 3301 Commtalc

247 3335 277 3368 arr
327 3335 408 3370 crona.

1005 3606 1073 3680 Nr.
1103 3609 1166 3680 44.

248 3761 400 3825 [renorma
410 3760 433 3823 I
431 3760 454 3823 I
464 3759 593 3844 befirklt
605 3756 724 3822 chrus
739 3758 808 3822 und
827 3755 903 3821 Volk
918 3779 978 3822 von
995 3758 1111 3910 hgqtaa,
1125 3780 1199 3933 sqpr
1218 3759 1396 3823 Gelrorsam
1406 3780 1511 3841 gegen
1528 3759 1620 3822 ihren
1635 3759 1781 3839 Bisclros
1789 3759 1923 3824 aramach-

973 3869 1013 3911 au
1035 3869 1053 3911 e
1076 3869 1132 3911 retr
1186 3898 1192 3911 .

796 3982 1020 4045 1138-1143.
1051 3978 1129 4045 Mai
1139 3985 1189 4045 10.
1222 3983 1373 4046 Lateran.

404 4115 613 4179 Innocentius
635 4116 820 4197 episcopus,
851 4138 961 4180 servus
984 4137 1151 4180 servorum
1185 4118 1246 4191 dci,
1278 4117 1405 4181 dilectis
1428 4118 1510 4194 filiis,
1545 4118 1632 4181 clero
1655 4129 1688 4182 et
1711 4119 1839 4202 populo
1863 4121 1920 4184 Ni-

245 4207 360 4281 ciensi,
395 4206 533 4269 salutem
563 4215 596 4268 et
630 4206 847 4287 apostolicam
877 4206 1152 4270 benedictionem.
1206 4207 1362 4289 Quisquis
1394 4228 1475 4289 pura
1505 4209 1624 4271 mentis
1659 4209 1847 4272 intencione
1877 4210 1922 4272 ad

246 4296 399 4359 celestem
428 4296 569 4378 patriam
600 4295 743 4358 revocari
775 4296 957 4373 desiderat,
991 4307 1114 4378 quanta
1143 4297 1185 4359 sit
1207 4298 1307 4359 virtus
1340 4297 1538 4373 obedientie,
1570 4318 1637 4360 non
1668 4298 1806 4379 ignorat.
1860 4300 1923 4362 Per

243 4385 432 4466 superbiam
455 4404 600 4466 unquam
624 4392 656 4446 et
679 4384 938 4448 inobedientiam
962 4386 1097 4467 angelus
1120 4386 1162 4448 de
1184 4386 1255 4448 celo
1280 4387 1414 4462 corruit,
1448 4396 1482 4448 et
1504 4387 1792 4469 prothoplaustum
1808 4388 1921 4451 Adam

243 4475 286 4538 ad
310 4475 487 4555 imaginem
510 4484 544 4536 et
566 4472 811 4536 similitudinem
828 4475 879 4537 dei
897 4475 1054 4538 formatus
1070 4495 1130 4557 per
1145 4475 1369 4538 inobedientie
1384 4476 1538 4539 virtutem
1554 4487 1604 4539 est
1619 4477 1718 4539 exilio
1735 4478 1921 4559 deputatus.

243 4564 388 4627 Veniens
420 4564 463 4626 ad
495 4584 555 4626 nos
587 4563 783 4626 venerabilis
817 4564 915 4627 frater
937 4575 1049 4628 noster
1071 4564 1210 4642 P(etrus)
1242 4566 1417 4646 episcopus
1441 4566 1609 4646 inquestus
1640 4576 1704 4642 est,
1737 4567 1828 4648 quod
1852 4578 1922 4630 tam

243 4653 368 4728 clerici,
401 4673 500 4735 quam
532 4650 605 4715 laici
638 4652 699 4714 sibi
733 4652 961 4717 inobedientes
994 4654 1133 4717 existitis
1168 4655 1302 4735 eiusque
1326 4655 1523 4718 iussionibus
1554 4675 1669 4736 parere
1700 4657 1922 4719 contemnitis.

242 4743 330 4805 Inter
353 4762 436 4824 quos
459 4743 614 4824 precipue
638 4751 688 4805 est
713 4753 846 4823 questus
875 4743 917 4806 dc
940 4740 1090 4824 P(ontio)
1116 4743 1288 4818 monacho,
1315 4745 1369 4825 qui
1393 4752 1508 4806 contra
1532 4744 1739 4807 interdictum
1763 4756 1922 4822 nostrum,

242 4833 326 4894 sicut
349 4833 419 4913 ipse
442 4832 564 4906 asserit,
589 4831 699 4894 divina
722 4831 831 4894 officia
854 4832 998 4895 celebrat
1013 4844 1046 4896 et
1070 4835 1372 4897 excommunicatos
1388 4854 1473 4909 suos,
1498 4834 1590 4896 vivos
1614 4843 1647 4896 et
1670 4844 1825 4910 mortuos
1856 4857 1923 4898 sus·

243 4921 351 5002 cipere
375 4930 409 4984 et
436 4921 535 4983 etiam
558 4921 695 5002 sepelire
727 4922 860 4985 minime
885 4920 1048 4985 formidat.
1094 4923 1147 4984 De
1172 4922 1328 4984 militibus
1353 4944 1484 5004 quoque
1507 4923 1669 4998 Lentuce,
1704 4925 1758 5004 qui
1784 4924 1922 4987 domum

243 5010 387 5087 ecclesie,
419 5011 451 5072 in
484 5010 642 5072 cimiterio
671 5022 898 5085 constructam,
932 5012 1168 5087 destruxerunt,
1201 5021 1234 5074 et
1258 5011 1366 5074 multis
1397 5013 1476 5087 aliis,
1509 5013 1563 5093 qui
1594 5023 1710 5075 contra
1732 5024 1922 5077 sanctorum

242 5107 372 5182 patrum
396 5100 633 5162 institutionem
656 5100 809 5176 decimas,
835 5101 925 5163 iuxta
949 5101 1200 5183 dispositionem
1224 5101 1372 5183 episcopi
1397 5101 1622 5164 ecclesiasticis
1647 5102 1842 5166 utilitatibus
1867 5104 1921 5168 de·

242 5198 381 5271 putatas,
405 5211 483 5251 ausu
499 5189 657 5270 sacrilego
674 5191 819 5271 recipere
834 5190 963 5271 sibique
980 5190 1104 5253 auferre
1121 5200 1327 5271 presumunt;
1352 5201 1385 5253 et
1402 5192 1558 5271 quoniam
1579 5201 1688 5254 autem
1708 5189 1737 5275 b)
1759 5191 1921 5274 flagitium

241 5299 301 5341 nec
325 5299 498 5360 possumus
522 5299 583 5341 nec
608 5279 767 5342 debemus
784 5279 948 5342 dimittere
965 5280 1170 5361 impunitum,
1195 5301 1254 5361 per
1269 5281 1453 5361 apostolica
1467 5279 1562 5342 vobis
1580 5282 1703 5362 scripta
1724 5282 1921 5346 mandamus

240 5378 340 5449 atque
362 5368 569 5450 precipimus,
595 5378 754 5449 quatenus
778 5369 820 5431 ad
844 5369 945 5450 ipsius
969 5369 1192 5432 obedientiam
1216 5379 1249 5431 et
1272 5369 1527 5431 satisfactionem
1552 5370 1748 5434 unanimiter
1776 5372 1919 5436 redeatis

241 5457 369 5539 sibique
393 5457 434 5520 de
458 5466 567 5520 cetero
591 5457 735 5520 decimas
758 5468 791 5520 et
814 5468 931 5535 cetera,
956 5480 1020 5539 que
1044 5458 1086 5521 ad
1110 5459 1158 5521 ius
1182 5458 1370 5540 episcopale
1394 5459 1557 5541 pertinere
1580 5470 1765 5538 noscuntur,
1791 5462 1918 5545 integre

401 5680 426 5747 a)
444 5681 529 5730 Ramr
598 5679 627 5743 b>
644 5680 671 5729 ob
683 5679 747 5730 tale?
766 5718 818 5726 -..
838 5679 873 5747 ,1)
892 5679 940 5730 Dic
950 5679 1077 5746 Absclrrisl
1093 5679 1168 5730 dieser
1183 5679 1243 5732 Urk.
1262 5680 1382 5731 verdanke
1399 5678 1437 5729 ich
1456 5679 1544 5732 Herm
1558 5682 1646 5732 Pastor
1663 5681 1715 5732 Ma
1724 5681 1781 5731 der
1796 5680 1824 5731 in
1836 5682 1920 5734 Niara.
