3982 6194
364 422 422 507 (R)
446 425 518 507 Ego
542 423 707 489 Adrianus
730 420 891 507 catholice
915 421 1052 509 ecclesie
1075 423 1251 509 episcopus
1272 447 1316 489 ss.
1339 426 1406 512 (M)

364 517 385 596 †
407 515 481 596 Ego
504 515 628 577 lmarus
651 512 854 576 Tusculanus
878 514 1054 595 episcopus
1077 533 1119 576 ss.

364 602 385 688 †
408 604 482 686 Ego
504 605 605 685 Hugo
629 603 814 667 Hosticnsis
837 603 1012 685 episcopus
1034 623 1075 667 ss.

363 693 385 776 †
406 694 480 774 Ego
505 690 612 755 Guido
635 691 798 774 presbiter
821 690 990 754 cardinalis
1013 693 1061 755 tit.
1084 692 1188 755 sancti
1212 690 1384 775 Grisogoni
1407 714 1449 757 ss.

364 784 385 862 †
408 783 482 864 Ego
505 780 680 846 Hubaldus
703 780 865 863 presbiter
887 779 1060 843 cardinalis
1083 782 1132 844 tit.
1155 789 1268 845 sancte
1290 784 1448 847 Praxedis
1470 804 1512 849 ss.

362 872 384 955 †
407 870 480 954 Ego
504 869 693 937 Manlredus
717 869 879 953 presbiter
902 869 1074 934 cardinalis
1097 871 1143 933 tit.
1166 878 1279 934 sancte
1302 871 1422 939 Savine
1445 893 1486 937 ss.

364 961 384 1045 †
407 960 480 1043 Ego
505 960 676 1023 Aribertus
701 959 863 1042 presbiter
885 958 1055 1022 cardinalis
1078 961 1126 1023 tit
1149 967 1261 1043 sancte
1284 959 1460 1027 Anastasie
1482 983 1524 1025 ss.

364 1050 480 1133 †Fgo
504 1050 601 1113 Iulius
623 1049 785 1132 presbiter
808 1049 980 1112 cardinalis
1002 1049 1050 1111 tit.
1073 1051 1176 1113 sancti
1201 1051 1345 1114 Marcelli
1369 1072 1410 1115 ss.

364 1139 385 1221 †
408 1140 480 1221 Ego
504 1138 662 1201 Astaldus
685 1138 846 1220 presbiter
868 1137 1041 1202 cardinalis
1063 1139 1111 1203 tit.
1134 1148 1247 1203 sancte
1269 1141 1376 1228 Prisce
1399 1161 1440 1204 ss.

366 1226 386 1310 †
410 1229 482 1310 Ego
502 1227 664 1292 lohannes
682 1227 844 1310 presbiter
854 1227 1027 1291 cardinalis
1040 1229 1087 1291 tit.
1098 1238 1286 1293 sanctorum
1295 1229 1450 1295 iohannis
1466 1239 1499 1293 et
1513 1231 1547 1292 P.
1564 1230 1729 1293 Pamachii
1739 1231 1772 1311 (i)
1780 1253 1821 1295 ss.

365 1315 386 1399 †
409 1317 482 1399 Ego
506 1315 667 1380 Henricus
690 1316 852 1399 presbiter
876 1314 1044 1380 cardinalis
1067 1319 1115 1381 tit.
1139 1325 1324 1381 sanctorum
1347 1318 1447 1383 Nerei
1471 1325 1504 1382 et
1526 1316 1669 1383 Achillei
1692 1340 1732 1382 ss.

365 1405 386 1489 ’γ
410 1406 482 1488 Ego
505 1404 667 1470 Iohannes
691 1405 850 1488 presbiter
873 1404 1044 1471 cardinalis
1067 1408 1115 1471 tit.
1138 1414 1324 1470 sanctorum
1348 1405 1495 1472 Silvestri
1519 1415 1552 1472 et
1575 1408 1706 1473 Martini
1729 1429 1770 1471 ss.

363 1498 386 1574 †
409 1498 481 1578 Ego
507 1493 614 1558 Guido
637 1495 795 1558 diaconus
819 1493 987 1558 cardinalis
1010 1504 1121 1559 sancte
1145 1495 1249 1559 Marie
1272 1498 1304 1567 in
1326 1497 1457 1563 Porticu
1480 1517 1522 1561 ss.

365 1587 385 1667 †
409 1585 482 1666 Ego
506 1583 667 1648 Iohannes
691 1585 848 1647 diaconus
871 1583 1043 1647 cardinalis
1066 1592 1253 1649 sanctorum
1277 1583 1382 1669 Sergii
1407 1595 1441 1650 et
1462 1585 1563 1651 Bachi
1585 1606 1627 1648 ss.

365 1672 386 1757 †
410 1674 482 1756 Ego
506 1673 721 1738 ildebrandus
743 1675 846 1737 sancti
870 1671 1034 1737 Eustachii
1058 1673 1214 1738 diaconus
1238 1674 1406 1739 cardinalis
1428 1696 1470 1739 ss.

365 1765 385 1845 †
409 1764 482 1844 Ego
506 1761 584 1826 Odo
608 1762 763 1826 diaconus
786 1761 955 1825 cardinalis
978 1763 1080 1825 sancti
1103 1761 1231 1827 Nicolai
1254 1765 1287 1826 in
1311 1784 1440 1829 carcere
1464 1763 1618 1827 Tulliano
1641 1782 1682 1823 ss.

311 1850 389 1915 Dat.
412 1852 519 1916 Rome
542 1853 630 1935 apud
652 1861 801 1915 sanctum
824 1853 965 1927 Petrum,
988 1871 1047 1933 per
1069 1873 1200 1915 manum
1220 1851 1368 1930 Rolandi,
1391 1862 1503 1918 sancte
1519 1853 1668 1915 Romane
1684 1850 1821 1914 ecclesie

182 1939 323 2020 presbiteri
346 1940 517 2005 cardinalis
540 1949 573 2003 et
596 1940 788 2004 cancellarii.
826 1956 852 2005 11
875 1940 951 2003 ldus
976 1941 1123 2004 Ianuarii.
1161 1941 1343 2006 indictione
1366 1957 1412 2006 111.
1457 1942 1696 2007 incarnacionis
1720 1939 1823 2003 domi·

181 2030 229 2092 nice
248 2051 329 2093 anno
344 2043 479 2095 Meum.
527 2029 738 2093 Pontificatus
760 2051 839 2095 vero
862 2030 975 2093 domni
999 2030 1137 2094 Adriani
1161 2051 1249 2113 pape
1264 2047 1316 2095 1111
1338 2053 1424 2096 anno
1448 2034 1564 2115 primo.

308 2145 460 2212 Absckn'flen
478 2145 519 2194 des
539 2145 595 2194 Cod.
620 2144 672 2195 Vat.
693 2145 769 2205 4043,
796 2146 864 2194 0196
873 2144 924 2210 sol.
946 2147 1005 2205 111,
1024 2146 1096 2196 8043
1114 2144 1184 2210 (nine
1202 2145 1354 2214 Seriemahl),
1380 2147 1407 2198 in
1424 2147 1467 2197 der
1484 2146 1547 2197 Bibl.
1570 2144 1687 2196 Vaticana
1703 2159 1733 2194 au
1751 2145 1820 2194 Rani.

894 2428 960 2503 ΝΥ.
993 2431 1078 2504 152.

171 2561 303 2628 Hadrian
314 2563 337 2626 Ι
343 2560 373 2625 V
383 2559 501 2627 nimmt
513 2561 575 2625 das
593 2558 721 2625 Kloster
730 2559 799 2624 San
815 2561 977 2625 Panaima
990 2561 1030 2626 di
1042 2563 1150 2627 Lucra
1166 2563 1200 2626 in
1215 2563 1442 2647 apostolisclzen
1456 2562 1574 2631 Sclruta
1593 2562 1662 2627 und
1673 2561 1823 2647 bestcitigt

691 2650 782 2714 seina
805 2649 1040 2717 Besitatlrzimer
1060 2652 1130 2716 und
1150 2652 1275 2717 Rechte.

657 2768 740 2831 1155
755 2766 890 2841 Januar
902 2768 957 2832 21.
987 2765 1022 2831 S.
1039 2767 1135 2830 Peter
1146 2788 1207 2831 von
1223 2768 1316 2833 Rom.

309 2899 472 2964 Adrianus
489 2903 673 2983 episcopua,
697 2920 808 2963 servus
824 2920 991 2964 servorum
1008 2900 1071 2977 dei,
1096 2902 1221 2965 dilectis
1241 2902 1315 2965 filiis
1330 2901 1482 2980 Henrice,
1506 2901 1619 2965 abbati
1635 2900 1820 2965 monasterii

158 2993 249 3054 sancti
274 2991 438 3065 Pontiani,
470 2991 561 3072 quod
585 3010 678 3053 secus
701 2989 869 3052 Lucanam
900 2992 1064 3053 civitatem
1092 2992 1190 3053 situm
1214 3000 1271 3067 est,
1302 2994 1436 3074 eiusque
1466 2990 1627 3066 fratribus
1642 2994 1725 3053 'tam
1749 3011 1820 3071 pre·

156 3081 294 3144 sentibus
321 3100 419 3161 quam
450 3079 580 3155 iuturiS,
612 3078 793 3161 regularem
824 3081 923 3142 vitam
956 3080 1120 3162 professis
1159 3082 1191 3143 in
1231 3090 1434 3164 perpetuum.
1480 3080 1679 3162 Religiosam
1719 3081 1820 3142 vitam

156 3168 371 3253 heligentibus
386 3169 604 3252 apostolicum
620 3170 773 3231 convenit
793 3168 909 3231 adesse
925 3168 1101 3252 presidium
1125 3176 1159 3232 et
1179 3180 1291 3233 contra
1310 3171 1504 3234 secularium
1519 3171 1662 3232 virorum
1678 3168 1822 3232 incursus

155 3269 299 3323 nostrum
323 3259 542 3341 patrocinium
566 3258 732 3341 impertiri,
762 3279 803 3320 ne
831 3257 915 3321 sorte
945 3257 1119 3322 cuiuslibet
1147 3260 1336 3322 temeritatis
1365 3261 1509 3322 incursus
1539 3267 1595 3322 aut
1626 3278 1683 3321 eos
1705 3278 1725 3321 a
1748 3278 1821 3340 pro-

153 3350 258 3435 posito
283 3356 419 3411 revocet
449 3356 504 3413 aut
528 3348 635 3423 robur,
668 3348 758 3428 quod
782 3346 876 3423 absit,
908 3367 1000 3411 sacre
1023 3346 1185 3430 religionis
1210 3348 1371 3431 infringat.
1416 3352 1615 3431 Eapropter,
1647 3345 1766 3410 dilecte
1787 3349 1822 3411 in

154 3439 288 3502 domino
316 3436 371 3513 fili,
401 3435 543 3500 Henrice
566 3436 684 3511 abbas,
714 3437 777 3498 tuis
808 3437 899 3498 iustis
923 3436 1196 3519 postulationibus
1227 3437 1406 3501 clementer
1429 3439 1608 3512 annuimus,
1641 3444 1673 3499 et
1706 3436 1822 3518 prede·

154 3547 319 3591 cessorum
352 3534 546 3602 nostrorum,
576 3526 676 3589 lelicis
699 3525 934 3588 recordationis
957 3525 1079 3588 Leonis
1102 3540 1178 3590 v1111
1193 3525 1226 3611 ¹),
1256 3527 1395 3590 Pascalis
1418 3542 1443 3590 11
1460 3525 1486 3613 ²)
1516 3534 1550 3590 et
1572 3525 1710 3608 Eugenii
1734 3540 1773 3588 111
1789 3522 1824 3608 ³),

153 3617 376 3682 Romanorum
401 3615 603 3698 pontificum,
635 3615 776 3696 vestigiis
799 3613 992 3691 inherentes
1025 3614 1186 3697 prefatum
1210 3615 1297 3679 beati
1321 3615 1468 3679 Pontiani
1501 3616 1742 3689 monasterium,
1773 3615 1824 3677 cui

153 3708 213 3771 deo
246 3712 385 3771 auctore
412 3704 576 3788 presides,
606 3704 667 3768 sub
696 3703 783 3767 beati
805 3705 891 3768 Petri
925 3712 958 3766 et
988 3712 1098 3767 nostra
1129 3706 1335 3787 protectione
1371 3705 1565 3788 suscipimus
1596 3711 1629 3767 et
1664 3705 1824 3787 presentis

153 3797 263 3880 scripti
296 3793 468 3878 privilegio
498 3794 744 3857 communimus.
798 3791 995 3868 Statuentes,
1027 3802 1063 3855 ut
1093 3813 1316 3876 quascumque
1347 3796 1586 3876 possessiones,
1618 3812 1824 3875 quecumque

153 3886 238 3949 bona
262 3883 354 3947 idem
385 3885 618 3947 monasterium
650 3884 681 3944 in
712 3884 948 3965 presentiarum
980 3884 1063 3945 iuste
1093 3890 1127 3945 et
1158 3885 1315 3947 canonice
1346 3885 1503 3966 possidet,
1533 3889 1590 3945 aut
1618 3882 1650 3944 in
1681 3882 1823 3947 futurum

154 3975 368 4038 concessione
398 3971 604 4056 pontificum,
635 3971 808 4054 largitione
838 3991 951 4055 regum
982 3970 1034 4035 vel
1064 3973 1263 4055 principum,
1294 3972 1460 4036 oblatione
1489 3971 1634 4037 fidelium
1668 3990 1726 4035 seu
1756 3970 1824 4035 aliis

153 4064 241 4128 iustis
265 4063 385 4137 modis,
412 4070 580 4145 prestante
603 4061 747 4137 domino,
778 4061 897 4143 poterit
920 4060 1063 4143 adipisci,
1094 4060 1186 4124 firma
1208 4061 1302 4125 vobis
1324 4062 1504 4144 vestrisque
1527 4059 1767 4124 successoribus
1790 4068 1824 4123 et

152 4153 273 4217 illibata
298 4158 521 4234 permaneant.
558 4152 594 4216 ln
611 4150 729 4231 quibus
751 4149 812 4213 hec
829 4149 969 4232 propriis
984 4149 1136 4212 duximus
1151 4151 1366 4233 exprimenda
1381 4150 1567 4215 vocabulis:
1592 4151 1823 4217 monasterium

152 4244 254 4307 sancti
280 4240 424 4306 Cassiani
447 4241 491 4304 de
514 4239 637 4303 Carisia
651 4260 725 4302 cum
750 4239 903 4303 omnibus
926 4240 1129 4321 pertinentiis
1152 4239 1225 4315 suis,
1250 4239 1409 4323 capellam
1433 4241 1537 4304 sancti
1560 4238 1705 4303 Pontiani
1727 4240 1824 4302 sitam
1912 4288 1915 4294 .

154 4334 180 4395 in
203 4331 307 4415 plebe
330 4331 410 4405 Pini,
441 4327 601 4412 capellam
631 4330 734 4393 sancti
758 4328 845 4392 Petri
875 4328 918 4390 de
941 4327 1092 4404 Libiano,
1122 4327 1283 4410 capellam
1313 4329 1415 4393 sancti
1439 4328 1591 4394 Germani
1614 4328 1657 4393 de
1681 4326 1824 4404 Giziano,

154 4421 313 4505 capellam
337 4421 441 4483 sancti
463 4419 604 4483 Romani
626 4420 722 4481 sitam
747 4419 779 4480 in
809 4417 937 4481 civitate
959 4417 1099 4492 Lucana,
1132 4418 1290 4500 capellam
1321 4420 1423 4482 sancti
1448 4418 1633 4494 Giminiani,
1664 4416 1825 4500 capellam

154 4512 252 4575 sancti
279 4507 422 4584 Genesii,
449 4507 609 4591 capellam
638 4515 752 4571 sancte
776 4507 878 4570 Marie
909 4506 941 4569 in
973 4512 1058 4571 terra
1082 4505 1245 4583 Classum,
1276 4507 1433 4591 capellam
1465 4509 1567 4572 sancti
1590 4506 1761 4571 Benedicti
1792 4506 1825 4570 in

154 4602 294 4682 palatie,
325 4596 485 4681 capellam
515 4605 627 4660 sancte
651 4595 753 4660 Marie
784 4596 827 4659 de
851 4594 1043 4678 Carignan0,
1076 4595 1235 4678 capellam
1266 4599 1369 4660 sancti
1392 4597 1529 4661 Andree
1559 4595 1602 4660 de
1625 4595 1824 4678 Buslangno,

155 4688 313 4772 capellam
336 4689 439 4751 sancti
454 4685 558 4768 Blagii
579 4685 606 4772 a)
630 4686 672 4749 de
695 4684 889 4769 Rasignano,
912 4683 1070 4768 capellam
1094 4685 1196 4748 sancti
1219 4685 1298 4749 lusti
1321 4686 1363 4750 de
1387 4686 1510 4762 Marlia,
1535 4684 1696 4769 capellam
1720 4686 1823 4748 sancti

156 4776 330 4842 Salvatoris
361 4776 404 4840 de
427 4774 582 4852 Vaccole,
613 4774 774 4858 capellam
804 4773 906 4837 sancti
930 4773 1072 4837 Cassiani
1104 4775 1147 4837 de
1172 4772 1315 4852 Guamo,
1346 4782 1379 4839 et
1410 4774 1569 4859 capellam
1600 4776 1704 4838 sancti
1727 4773 1824 4838 Blasii

156 4868 192 4931 de
216 4866 419 4949 Oldepissio.
468 4863 621 4928 Obeunte
643 4883 721 4927 vero
744 4872 786 4938 te,
814 4884 900 4927 nunc
923 4863 1069 4926 eiusdem
1093 4862 1155 4926 loci
1177 4863 1309 4943 abbate,
1340 4863 1392 4928 vel
1424 4873 1555 4928 tuorum
1586 4862 1732 4945 quolibet
1754 4883 1825 4926 suc·

157 4977 318 5021 cessorum
343 4953 447 5018 nullus
471 4954 516 5018 ibi
547 4954 693 5034 qualibet
722 4953 940 5036 subreptionis
972 4953 1090 5016 astutia
1120 4972 1178 5016 seu
1210 4953 1365 5018 violentia
1394 4960 1603 5037 preponatur,
1633 4954 1694 5016 nisi
1725 4972 1823 5032 quem

157 5045 265 5112 iratres
290 5045 456 5108 communi
481 5063 640 5107 consensu
663 5041 715 5106 vel
737 5040 873 5108 fratrum
896 5062 972 5126 pars
1003 5041 1128 5105 consilii
1156 5044 1292 5107 sanioris
1321 5044 1373 5106 vel
1404 5045 1447 5107 de
1474 5063 1535 5109 suo
1562 5042 1614 5106 vel
1638 5043 1680 5105 de
1709 5038 1824 5116 alieno,

157 5136 178 5197 si
203 5135 401 5220 oportuerit,
432 5132 573 5216 collegio
609 5131 789 5196 secundum
822 5133 876 5195 dei
908 5132 1059 5195 timorem
1093 5138 1126 5194 et
1154 5131 1244 5195 beati
1273 5133 1444 5197 Benedicti
1475 5131 1621 5216 regulam
1659 5130 1825 5215 elegerint.

157 5224 284 5290 Electus
307 5230 418 5287 autem
441 5243 460 5285 a
483 5222 658 5286 diocesano
682 5223 841 5305 episcopo
865 5221 1104 5285 benedictionis
1120 5221 1362 5286 ordinationem
1377 5222 1524 5306 accipiat,
1546 5220 1709 5301 siquidem
1724 5220 1825 5304 gratis

157 5322 186 5377 et
206 5311 372 5379 catholice
395 5311 531 5376 voluerit
557 5311 730 5387 exhibere;
761 5310 905 5393 alioquin
928 5310 972 5373 ad
994 5310 1178 5373 Romanum
1201 5311 1390 5394 pontificem
1413 5311 1465 5377 vel
1487 5310 1530 5376 ad
1554 5330 1652 5395 quem
1676 5306 1825 5373 maluerit
1922 5326 1928 5335 ’

158 5403 351 5469 catholicum
375 5403 569 5485 episcopum
587 5400 825 5466 consecrandus
839 5399 984 5465 accedat
1022 5398 1079 5463 Ad
1095 5397 1156 5465 hec
1170 5400 1341 5479 adicimus,
1364 5410 1401 5466 ut
1416 5421 1482 5480 eos,
1506 5402 1562 5487 qui
1577 5400 1630 5484 pia
1644 5400 1824 5471 devotione

311 5564 337 5629 a)
365 5562 437 5613 Wokl
450 5561 537 5612 Blasii.
556 5598 608 5606 -
627 5562 663 5627 .1)
687 5559 747 5611 Ura.
765 5575 821 5610 vam
839 5563 871 5611 11
891 5559 953 5627 Juli
970 5561 1045 5612 1060.
1131 5559 1158 5626 2)
1180 5560 1241 5614 Urk.
1259 5577 1314 5613 vom
1332 5564 1368 5614 27
1386 5560 1461 5633 April
1476 5562 1553 5613 1104.
1639 5561 1667 5633 3)
1690 5559 1750 5611 Urk.
1769 5575 1824 5611 vom

158 5634 185 5684 24
200 5634 333 5707 December
352 5637 420 5687 1146
438 5633 511 5700 (Br'bl.
533 5632 615 5684 Mil.
634 5634 733 5701 Regesta
751 5632 798 5683 Nr.
819 5634 854 5698 1).
