3974 6188
226 224 287 285 108

222 408 457 473 monasterium
480 407 514 470 in
538 407 775 490 presentiarum
798 404 894 494 iust[e
918 404 964 494 e]t
986 406 1146 471 canonice
1176 408 1326 489 possidet
1358 419 1415 472 aut
1446 409 1478 472 in
1510 412 1661 490 futurum,
1693 414 1910 477 concessione

221 498 425 583 pontificum,
457 496 630 579 largitione
662 518 775 580 regum
798 498 849 561 vel
882 499 1083 580 principum,
1107 496 1277 561 oblatione
1309 497 1456 561 fidelium
1486 521 1543 563 seu
1577 502 1648 565 aliis
1678 504 1771 567 iustis
1801 504 1910 567 modis

222 589 286 653 deo
310 588 457 672 propitio
481 589 604 671 poterit
628 588 775 669 adipisci,
800 587 893 650 firma
916 588 1013 650 vobis
1034 587 1216 667 vestrisque
1235 589 1478 651 successoribus
1494 597 1527 653 et
1543 590 1667 654 illibata
1682 597 1909 675 permaneant.

221 679 377 742 Decimas
409 686 520 740 autem
551 678 760 760 propriorum
791 677 941 740 laborum
974 687 1008 739 et
1031 695 1169 758 operum
1202 677 1307 739 nullus
1338 678 1380 740 ab
1412 678 1531 741 eodem
1562 684 1763 746 monasterio
1787 684 1909 765 exigat.

222 769 341 836 Missas
368 787 448 830 vero
477 767 627 848 publicas
659 767 701 829 ab
726 768 887 849 episcopo
911 767 944 829 in
969 766 1088 828 eodem
1112 767 1313 828 monasterio
1339 767 1506 844 celebrari,
1537 771 1696 834 stationes
1725 772 1803 847 fieri,
1835 793 1909 853 pro·

223 859 388 921 cessiones
413 856 530 920 deduci
560 858 686 938 absque
717 857 847 919 abbatis
870 856 921 919 vel
953 855 1089 918 fratrum
1121 854 1291 918 voluntate
1322 857 1523 921 omnimodis
1555 859 1778 941 prohibemus,
1811 882 1854 925 ne
1877 863 1909 924 in

222 968 389 1011 servorum
413 946 466 1009 dei
491 945 672 1009 recessibus
688 946 887 1008 secularibus
912 946 1043 1007 occasio
1067 943 1245 1025 prebeatur
1269 945 1333 1007 ulla
1349 947 1575 1010 conventibus.
1614 950 1785 1033 Episcopo
1809 953 1909 1013 etiam

223 1037 318 1100 alicui
342 1037 460 1111 locum,
494 1036 650 1098 abbatem
682 1035 734 1097 vel
768 1035 882 1097 fratres
913 1035 1004 1116 ipsos
1035 1034 1331 1110 excommunicare,
1363 1035 1557 1100 interdicere
1586 1038 1638 1101 vel
1669 1041 1713 1102 ad
1742 1041 1910 1122 synodum

222 1147 341 1189 vocare
363 1127 434 1188 sine
458 1126 589 1188 licentia
612 1126 755 1186 Romani
786 1123 953 1205 pontificis
976 1123 1160 1185 nullatenus
1184 1122 1289 1187 liceat.
1336 1123 1471 1200 Crisma,
1505 1126 1615 1189 oleum
1641 1140 1801 1206 sanctum,
1835 1150 1910 1192 con·

223 1216 425 1280 sectationes
452 1215 603 1278 altarium
627 1235 683 1276 seu
711 1213 928 1289 basilicarum,
960 1213 1185 1275 ordinationes
1208 1213 1454 1289 monachorum,
1486 1216 1541 1296 qui
1572 1217 1616 1279 ad
1645 1238 1755 1281 sacros
1779 1220 1912 1283 ordines

223 1304 342 1368 fuerint
358 1304 586 1386 promovendi,
611 1325 630 1366 a
647 1304 824 1366 diocesano
840 1303 1024 1383 suscipietis
1040 1302 1210 1382 episcop0,
1234 1302 1396 1383 siquidem
1414 1303 1594 1367 catholicus
1611 1306 1706 1370 suerit
1722 1318 1755 1371 et
1770 1310 1910 1390 gratiam

224 1402 323 1475 atque
347 1394 615 1457 communionem
645 1393 733 1455 sedis
764 1393 948 1473 apostolice
977 1391 1129 1454 habuerit
1158 1397 1192 1452 et
1219 1410 1258 1452 ea
1288 1393 1390 1472 gratis
1414 1400 1447 1454 et
1476 1393 1602 1474 absque
1630 1398 1792 1476 pravitate
1814 1399 1910 1461 vobis

223 1483 362 1547 voluerit
391 1483 566 1559 exhibere;
598 1482 742 1562 alioquin
775 1482 871 1544 liceat
900 1481 1005 1556 vobis,
1030 1479 1237 1554 catholicum,
1269 1500 1367 1560 quern
1392 1481 1578 1559 malueritis,
1607 1486 1697 1549 adire
1721 1488 1910 1562 antistitem,

224 1574 280 1655 qui
311 1584 423 1637 nostra
455 1572 553 1634 fultus
583 1572 789 1647 auctoritate,
821 1572 911 1652 quod
942 1569 1134 1651 postulatur,
1167 1568 1344 1650 indulgeat.
1399 1569 1613 1653 Capelianos,
1653 1576 1708 1656 qui
1747 1576 1849 1639 cellas
1879 1584 1911 1639 et

224 1662 379 1728 ecclesias
403 1661 549 1724 eiusdem
574 1661 764 1723 monasterii
789 1669 914 1741 regunt,
944 1654 1028 1744 lni]si
1053 1679 1114 1739 pro
1138 1658 1234 1720 certis
1258 1669 1291 1721 et
1314 1659 1405 1721 iustis
1429 1662 1534 1723 causis
1558 1666 1837 1728 excommunicari
1860 1666 1911 1729 vel

225 1751 268 1815 ab
292 1753 404 1817 officio
434 1745 644 1836 s[uspendari
679 1745 801 1835 alliquo
835 1750 995 1830 episcopo
1027 1746 1251 1829 prohibemus.
1299 1749 1455 1812 Obeunte
1477 1771 1555 1813 vero
1579 1761 1621 1827 te,
1655 1772 1741 1817 nunc
1764 1755 1911 1818 eiusdem

225 1841 288 1905 loci
319 1842 451 1918 abbate,
481 1840 533 1902 vel
567 1850 696 1903 tuorum
721 1838 871 1920 quolibet
894 1857 1128 1911 successorum,
1162 1835 1268 1898 nullus
1291 1837 1336 1899 ibi
1362 1838 1510 1919 qualibet
1532 1840 1757 1923 su[rreptionis
1780 1845 1910 1925 astutia]

225 1951 282 1993 seu
305 1931 463 1994 violentia
486 1940 696 2011 preponatur,
725 1929 786 1990 nisi
811 1949 909 2008 quem
934 1928 1049 1990 fratres
1073 1925 1240 1988 communi
1272 1922 1448 2008 [consensu
1471 1929 1523 1991 vel
1547 1928 1682 1993 fratrum
1714 1929 1805 2017 pars]
1836 1953 1910 1996 con·

225 2020 286 2083 silii
310 2021 447 2084 sanioris
472 2020 513 2081 de
541 2018 659 2081 eadem
690 2018 957 2099 congregatione,
989 2018 1015 2079 si
1048 2015 1186 2078 idoneus
1220 2027 1367 2095 repertus
1398 2016 1502 2092 luerit,
1535 2021 1715 2083 secundum
1747 2021 1847 2084 deum
1879 2033 1912 2085 et

225 2109 313 2173 beati
329 2109 500 2172 Benedicti
525 2104 685 2190 regul[am
702 2107 905 2188 providerint
921 2106 1110 2187 eligendum
1120 2101 1141 2186 3]
1167 2103 1267 2185 quod,
1292 2105 1318 2166 si
1336 2116 1415 2186 apta
1431 2107 1515 2169 inter
1529 2128 1588 2170 vos
1604 2129 1747 2191 persona
1766 2111 1912 2174 invenire

225 2200 408 2282 nequiverit
427 2195 464 2282 ἃ),
498 2208 577 2260 tunc
607 2198 648 2259 de
680 2197 751 2259 aliis
783 2196 989 2258 monasteriis
1013 2194 1209 2257 electionem
1239 2195 1398 2257 canonice
1430 2195 1572 2274 saciatis;
1605 2198 1727 2261 electus
1758 2209 1869 2263 autem
1892 2221 1912 2262 a

225 2289 379 2351 Romano
403 2286 561 2370 pontifice
585 2285 827 2349 benedictionis
849 2286 990 2367 gratiam
1014 2290 1244 2364 consequatur.
1284 2283 1501 2348 Decernimus
1516 2306 1605 2368 erge,
1630 2299 1664 2350 ut
1680 2289 1758 2351 nulli
1775 2292 1912 2353 omnino

226 2379 397 2441 hominum
420 2378 525 2451 liceat,
549 2375 713 2457 prefatum
737 2375 970 2437 monasterium
995 2383 1118 2436 temere
1142 2370 1334 2453 perturbare
1357 2383 1413 2435 aut
1441 2375 1509 2437 eius
1537 2378 1763 2456 possessiones
1786 2380 1913 2442 auferre

225 2469 278 2530 vel
301 2468 429 2530 ablatas
452 2466 592 2528 retinere
620 2475 675 2527 aut
702 2464 865 2545 aliquibus
889 2463 1120 2526 vexationibus
1146 2461 1291 2541 fatigare,
1316 2463 1375 2524 sed
1399 2464 1511 2526 omnia
1535 2466 1661 2547 integra
1678 2479 1915 2532 conserventur

228 2578 356 2631 eorum,
391 2575 451 2637 pro
482 2574 620 2635 quorum
652 2553 893 2635 gubernatione
923 2564 956 2615 et
984 2551 1222 2614 sustentatione
1254 2570 1412 2614 concessa
1442 2563 1534 2628 sunt,
1569 2555 1681 2617 usibus
1712 2558 1914 2621 omnimodis

227 2647 411 2731 profutura,
443 2643 535 2707 salva
565 2644 597 2706 in
628 2643 782 2705 omnibus
815 2642 998 2724 apostolice
1030 2641 1117 2703 sedis
1155 2640 1359 2703 auctoritate.
1412 2640 1448 2705 Si
1481 2663 1546 2724 qua
1576 2645 1675 2725 igitur
1706 2646 1738 2707 in
1770 2647 1914 2709 futurum

228 2735 449 2800 ecclesiastica
471 2732 666 2796 secularisve
689 2752 840 2813 persona,
864 2731 949 2794 hanc
973 2741 1084 2815 nostre
1108 2729 1351 2792 constitutionis
1374 2731 1531 2811 paginam
1561 2734 1676 2809 sciens,
1701 2745 1818 2798 contra
1841 2757 1915 2798 earn

228 2836 352 2889 temere
378 2824 489 2886 venire
519 2823 745 2902 temptaverit,
777 2822 923 2884 secundo
956 2821 1095 2883 tertiove
1119 2818 1331 2893 commonita,
1364 2820 1483 2882 sinon
1513 2822 1737 2887 satisfactione
1768 2845 1916 2907 congrua

229 2913 461 2987 emendaverit,
486 2911 662 2993 potestatis
677 2910 878 2991 honorisque
894 2911 942 2973 sui
964 2909 1125 2990 dignitate
1146 2917 1256 2969 careat
1279 2928 1436 2988 reamque
1455 2929 1491 2971 se
1507 2910 1619 2973 divino
1636 2913 1757 2975 iudicio
1774 2915 1916 2977 existere

230 3005 272 3069 de
295 3011 483 3085 perpetrata
506 3000 713 3081 iniquitatate
737 3010 926 3081 cognoscat,
950 3010 1018 3062 eta
1041 2992 1260 3060 sacratissimo
1277 3017 1416 3078 corpore
1433 3018 1472 3061 ac
1487 3001 1646 3081 sanguine
1662 3002 1715 3065 dei
1732 3013 1766 3066 et
1781 3005 1916 3081 domini,

230 3092 448 3173 redemptoris
471 3091 573 3152 nostri
604 3091 675 3152 lesu
700 3087 829 3164 Christi,
853 3089 960 3151 aliena
988 3087 1062 3162 fiat,
1094 3097 1194 3168 atque
1217 3086 1249 3146 in
1282 3098 1430 3149 extremo
1455 3090 1607 3152 examine
1631 3091 1777 3154 districte
1799 3094 1917 3156 ultioni

229 3184 407 3247 subiaceat.
454 3179 588 3243 Cunctis
609 3175 614 3261 l
634 3189 753 3253 autem,
787 3179 896 3240 eidem
926 3179 1001 3240 loco
1034 3178 1117 3239 iusta
1147 3175 1362 3252 servantibus,
1395 3177 1438 3240 sit
1469 3198 1537 3258 pax
1562 3179 1684 3242 domini
1718 3183 1821 3245 nostri
1843 3184 1918 3246 lesu

231 3272 359 3345 Christi,
391 3276 553 3350 quatenus
584 3268 694 3330 ethic
725 3267 865 3330 fructum
889 3268 977 3330 bone
1007 3266 1146 3329 actionis
1170 3264 1355 3345 percipiant
1386 3277 1421 3328 et
1447 3267 1537 3349 apud
1566 3268 1750 3333 districtum
1773 3272 1918 3335 iudicem

231 3361 357 3445 premia
380 3370 491 3442 eterne
514 3357 607 3439 pacis
630 3357 807 3419 inveniant.
852 3356 972 3419 Amen.
996 3355 1088 3418 Α-ιῃ.
1112 3354 1233 3417 Amen.
1256 3388 1301 3399 -

444 3446 501 3530 (R)
525 3447 599 3528 Ego
623 3446 791 3528 Eugenius
815 3444 978 3532 catholice
1001 3445 1138 3528 ecclesie
1162 3443 1340 3525 episcopus
1363 3465 1404 3506 ss.
1430 3443 1495 3525 (M)

443 3570 488 3582 -
510 3538 531 3614 †
554 3537 628 3616 Ego
652 3535 828 3597 Hubaldus
851 3536 1014 3617 presbiter
1037 3534 1212 3597 cardinalis
1236 3532 1284 3594 tit.
1308 3543 1422 3596 sancte
1444 3535 1602 3598 Praxedis
1625 3557 1666 3599 ss.

444 3628 466 3705 †
487 3626 560 3707 Ego
584 3623 793 3688 Arimbertus
816 3624 978 3706 presbiter
1000 3623 1174 3686 cardinalis
1198 3622 1246 3684 tit.
1271 3631 1383 3685 sancte
1405 3623 1584 3687 Anastasie
1607 3645 1649 3688 ss.

445 3712 466 3797 †
489 3713 563 3796 Ego
587 3714 685 3777 lulius
709 3714 871 3796 presbiter
894 3713 1068 3777 cardinalis
1091 3714 1139 3775 tit.
1164 3711 1267 3774 sancti
1292 3712 1438 3775 Marcelli
1462 3734 1503 3776 ss.

445 3806 466 3882 †
488 3805 562 3885 Ego
586 3804 772 3866 Bernardus
795 3804 959 3885 presbiter
981 3802 1155 3865 cardinalis
1179 3802 1226 3864 tit.
1251 3800 1355 3863 sancti
1380 3799 1559 3865 Clementis
1582 3824 1623 3867 ss.

445 3894 465 3975 †
489 3896 562 3975 Ego
586 3893 769 3956 Rollandus
793 3893 955 3974 presbiter
978 3891 1151 3955 cardinalis
1174 3891 1224 3953 tit.
1248 3891 1352 3953 sancti
1378 3892 1480 3953 Marci
1504 3913 1545 3955 ss.

446 4017 488 4028 -
512 3984 534 4061 †
556 3983 631 4064 Ego
655 3982 831 4064 Gregorius
856 3983 1014 4045 diaconus
1037 3981 1211 4043 cardinalis
1234 3980 1338 4042 sancti
1362 3978 1484 4061 Angeli
1507 4000 1549 4044 ss.

446 4069 467 4153 †
490 4073 564 4154 Ego
588 4071 751 4135 lohannes
775 4072 934 4135 diaconus
957 4071 1131 4134 cardinalis
1153 4078 1266 4132 sancte
1290 4069 1394 4131 Marie
1418 4090 1504 4132 nove
1527 4091 1568 4134 ss.

446 4159 467 4243 †
490 4160 564 4243 Ego
587 4159 751 4224 Iohannes
775 4162 932 4225 diaconus
956 4161 1129 4224 cardinalis
1152 4168 1340 4222 sanctorum
1363 4158 1467 4240 Sergii
1493 4169 1526 4222 et
1549 4159 1651 4222 Bachi
1675 4180 1716 4221 ss.
1729 4153 1779 4243 (2)

393 4252 470 4313 Dat.
494 4250 616 4332 Signie,
649 4271 709 4331 per
739 4271 872 4313 manum
894 4252 1060 4326 BOSONIS,
1085 4260 1196 4334 sancte
1220 4248 1371 4333 Romane
1401 4249 1536 4335 ecclesie
1560 4249 1736 4330 scriptoris.
1782 4263 1846 4311 vl11
1869 4248 1915 4311 ld.

233 4340 325 4421 Sept.
370 4338 555 4402 Indictione
583 4351 670 4401 xlm.
715 4339 953 4403 incarnationis
984 4339 1150 4424 dominice
1181 4357 1268 4400 anno
1298 4347 1393 4399 ΜΕΝ.
1447 4338 1662 4401 Pontificatus
1691 4358 1770 4400 vero
1803 4338 1915 4400 domni

233 4429 376 4511 EUgenii
400 4444 439 4492 111
461 4430 521 4492 ΡΡ.
546 4449 633 4491 anno
654 4442 714 4492 V11.
738 4464 783 4475 -

396 4543 442 4593 Or.
459 4542 468 4597 l
472 4541 616 4608 Pergameni
631 4543 658 4592 di
672 4542 748 4591 Curia
765 4543 819 4592 eccl.
834 4542 853 4592 I
854 4545 872 4603 l,
891 4540 925 4590 im
936 4540 1052 4591 Archivio
1070 4541 1097 4590 di
1114 4541 1197 4599 Statu
1215 4539 1340 4605 Absctn'jr
1357 4541 1397 4589 drs
1409 4540 1479 4605 Dipl.
1498 4540 1526 4589 di
1536 4540 1563 4591 S.
1576 4539 1681 4590 Loremo
1698 4541 1819 4590 d'Aversa
1833 4549 1860 4606 p.
1875 4545 1917 4601 44,

233 4615 267 4665 im
284 4616 371 4665 Besitu
389 4615 429 4663 des
448 4615 584 4679 Professors
605 4614 754 4679 Capussam
772 4614 869 4679 llfeapel.

398 4686 441 4736 Or.
468 4686 538 4752 Pcrg.
563 4686 624 4745 ital,
650 4687 686 4735 br.
712 4689 798 4747 0,615,
825 4688 886 4750 lang
904 4685 973 4746 0,63,
1001 4685 1046 4734 das
1073 4683 1272 4749 Umgescllagcm
1293 4683 1480 4749 abgescbnittcn,
1509 4683 1588 4732 durch
1611 4684 1670 4733 ranei
1686 4684 1778 4734 [δάεν
1798 4685 1862 4751 gr'rrg
1881 4684 1918 4734 die

234 4758 347 4821 Schnur,
384 4758 471 4807 welche
502 4758 548 4806 mit
568 4758 623 4806 dem
656 4758 735 4824 Sicgrl
763 4760 880 4808 uerlorm.
917 4756 1028 4806 Im'liale:
1061 4757 1172 4806 vertierte
1208 4756 1361 4820 Uncialform
1393 4756 1439 4803 mit
1472 4756 1560 4820 langen
1593 4755 1729 4816 scutrum,
1762 4756 1916 4823 Verewrgung

234 4831 281 4881 Nr.
303 4834 364 4890 4⁰0,
383 4829 561 4896 starkstrr'clrig,
583 4830 653 4894 fic'llt
670 4831 739 4889 0,07.
789 4830 867 4878 Worte
891 4829 959 4879 stark
978 4835 1102 4894 getrermt,
1130 4827 1271 4892 Majuskeln
1295 4828 1358 4876 nach
1383 4827 1456 4876 cirum
1482 4827 1578 4875 starkm
1606 4826 1700 4876 Punktc
1721 4829 1805 4881 belom.
1841 4831 1918 4879 Amen

235 4903 282 4953 Nr.
301 4905 317 4951 7
326 4900 368 4952 κ’,
404 4903 468 4950 Rota
486 4901 534 4950 Nr.
556 4905 578 4960 1,
598 4901 776 4950 Durclrmcsser
793 4903 863 4962 0,06.
901 4901 1072 4966 Monogramm
1090 4900 1137 4949 Nr.
1158 4897 1564 4959 ab,bre2·10,034,l10ch0,063.
1602 4899 1739 4963 Rirrgkrrm
1756 4901 1816 4948 und
1834 4901 1919 4950 Unter·

234 4973 323 5039 schrift
345 4988 393 5022 von
412 4972 520 5038 gleichcr
537 4973 618 5021 Hand
638 4973 694 5021 und
715 4973 798 5023 Dinte.
840 4972 978 5037 Umsclrrr'st
999 4972 1067 5021 wohl
1087 4988 1135 5020 von
1158 4971 1263 5020 anderer
1279 4970 1364 5019 Hand.
1401 4969 1530 5035 Datimng
1553 4985 1608 5018 vom
1627 4970 1917 5036 Hauptk'o'rpersrhreibcn

235 5046 343 5095 Bosonis
361 5045 434 5093 darin
451 5045 633 5110 nachgetragen.
672 5043 726 5093 Mit
747 5044 882 5094 ricmliclrer
904 5044 1034 5094 Siclrcrlrer't
1058 5044 1089 5092 ist
1114 5060 1145 5091 ru
1170 5059 1256 5108 sagm,
1285 5043 1341 5090 dass
1367 5042 1405 5090 die
1424 5042 1633 5106 Presbyterfirnun
1651 5045 1699 5092 alle
1720 5060 1768 5093 von
1789 5045 1835 5093 der
1851 5048 1918 5093 mim·

234 5118 311 5168 lichen
323 5117 404 5166 Hand
411 5117 467 5165 und
476 5116 553 5167 Dintc
562 5115 704 5179 aarum,
723 5131 770 5165 von
787 5117 971 5177 abweickendcr,
990 5118 1048 5166 aber
1064 5116 1152 5166 wieder
1168 5122 1240 5164 anter
1256 5113 1306 5163 sich
1320 5113 1432 5180 gleicher,
1451 5114 1554 5162 wurden
1572 5114 1609 5163 dic
1618 5115 1746 5165 Dtbkonen
1760 5116 1916 5183 gesrkn‘ebm.

305 5426 311 5437 .
396 5384 421 5450 a)
441 5382 566 5432 Zwr'schen
585 5381 593 5431 i
612 5383 668 5432 und
683 5389 692 5432 t
711 5384 802 5431 lr'asur.
