3982 6194
1797 269 1834 335 ¹7

150 455 245 509 tuam
280 445 431 528 predicte
466 444 618 518 ecclesie,
660 443 711 506 cui
746 454 824 507 tunc
857 464 988 526 preesse
1023 443 1217 520 dinosceris,
1259 444 1445 508 huiusmodi
1485 443 1656 526 privilegia
1689 444 1833 527 presenti

152 535 360 598 auctoritatis
384 545 495 599 nostre
518 535 652 597 decreto
681 532 896 615 indulgemus,
926 533 1137 597 concedimus
1161 543 1261 614 atque
1283 533 1458 609 firmamus,
1489 542 1678 610 statuentes,
1710 534 1833 596 nullum

154 644 270 706 regum
300 624 353 688 vel
378 625 630 707 imperatorum,
659 623 853 699 antistitum,
884 623 1007 686 nullum
1031 643 1237 704 quacumque
1269 623 1428 705 dignitate
1460 623 1624 704 preditum
1646 623 1699 686 vel
1723 643 1834 705 quem-

155 733 257 795 quam
280 713 381 776 alium
406 715 448 776 de
470 713 529 789 his,
555 732 619 793 que
642 711 750 775 eidem
773 711 951 775 venerabili
974 712 1049 775 loco
1066 734 1086 775 a
1109 713 1309 793 quibuslibet
1331 711 1520 776 hominibus
1544 713 1585 775 de
1608 713 1744 794 proprio
1767 714 1835 774 iure

156 804 220 866 iam
245 803 373 866 donata
401 803 467 866 sint
495 802 548 865 vel
577 803 609 864 in
640 801 795 878 futurum,
826 803 891 865 deo
921 802 1103 877 miserante,
1136 801 1256 865 collata
1287 802 1413 878 luerint,
1443 802 1505 865 sub
1537 802 1709 865 cuiuslibet
1739 822 1835 865 cause

156 892 383 955 occasionisve
406 892 516 974 specie
544 892 687 954 minuere
717 891 769 953 vel
801 891 935 967 auferre,
966 900 1000 953 et
1029 892 1097 954 sive
1120 892 1185 954 suis
1215 892 1327 954 usibus
1351 892 1526 974 applicare,
1557 891 1609 954 vel
1639 891 1709 954 aliis
1742 892 1833 972 quasi

157 983 218 1063 piis
243 981 286 1044 de
310 982 416 1045 causis
439 1001 501 1063 pro
523 1001 581 1044 sue
603 980 739 1044 avaritie
762 981 973 1044 excusatione
997 981 1165 1056 excedere,
1198 981 1256 1043 sed
1281 991 1413 1057 cuncta,
1445 1001 1510 1063 que
1540 981 1602 1043 sibi
1626 980 1740 1044 oblata
1760 990 1835 1043 sunt

157 1071 207 1134 vel
230 1071 342 1133 offerri
366 1071 549 1153 contigerit,
580 1079 647 1134 tam
672 1089 692 1132 a
714 1079 756 1145 te,
782 1090 880 1151 quam
905 1070 948 1132 ab
972 1068 1051 1146 aliis,
1083 1067 1138 1151 qui
1163 1071 1194 1132 in
1219 1079 1276 1134 tuo
1301 1070 1411 1133 officio
1442 1071 1582 1151 locoque
1613 1071 1834 1146 successerint,

157 1159 316 1241 perhenni
340 1169 492 1242 tempore
515 1159 639 1222 illibata
663 1166 696 1221 et
717 1160 788 1221 sine
816 1159 1042 1241 inquietudine
1064 1158 1172 1240 aliqua
1194 1159 1344 1222 volumus
1367 1160 1537 1241 possideri,
1561 1180 1673 1222 eorum
1702 1159 1835 1240 quidem

158 1249 278 1326 usibus,
308 1268 369 1331 pro
394 1268 534 1330 quorum
555 1248 793 1312 sustentatione
815 1248 1119 1331 gubernationeque
1142 1269 1298 1312 concessa
1320 1256 1405 1325 sunt,
1438 1249 1546 1312 modis
1578 1249 1731 1312 omnibus
1761 1270 1834 1330 pro·

158 1337 272 1401 lutura.
318 1338 401 1401 Item
424 1339 660 1414 constituimus,
685 1346 720 1401 ut
742 1336 924 1419 sepulturas
947 1336 1092 1400 fidelium
1116 1338 1207 1401 iuxta
1222 1339 1423 1401 voluntatem
1448 1348 1481 1401 et
1501 1339 1712 1401 devotionem
1730 1339 1835 1400 unius-

158 1429 315 1510 cuiusque
346 1428 391 1491 ibi
421 1426 490 1490 fien'
520 1447 618 1490 nemo
649 1425 833 1509 prohibeat,
863 1426 1041 1491 secundum
1074 1428 1164 1508 quod
1196 1428 1312 1490 beatus
1335 1428 1512 1510 Gregorius
1535 1427 1697 1509 Agapito,
1735 1427 1836 1492 Urbis

158 1518 276 1580 veteris
304 1517 475 1599 episcopo,
506 1517 602 1580 simili
636 1516 678 1578 de
701 1535 798 1578 causa
829 1517 861 1579 in
892 1516 1032 1598 epistola
1061 1537 1119 1578 sua
1150 1518 1279 1598 scripsit
1308 1525 1407 1598 atque
1438 1518 1591 1580 decrevit.
1637 1517 1709 1579 Hec
1740 1518 1837 1598 igitur

159 1607 278 1682 omnia,
304 1625 368 1687 que
390 1606 485 1668 huius
508 1606 655 1688 precepti
680 1605 868 1686 decretique
892 1607 993 1669 nostri
1016 1606 1137 1687 pagina
1165 1607 1320 1682 continet,
1353 1626 1452 1687 quam
1483 1607 1616 1682 cunctis,
1648 1607 1703 1688 qui
1728 1606 1835 1682 ineo,

159 1716 222 1777 quo
256 1717 301 1759 ex
331 1695 447 1758 ordine
475 1695 618 1776 locoque
648 1695 869 1771 successerint,
901 1695 953 1758 vel
985 1696 1039 1770 eis,
1064 1715 1203 1776 quorum
1227 1696 1382 1758 interesse
1413 1697 1544 1777 poterit,
1576 1697 1609 1757 in
1639 1702 1835 1776 perpetuum

158 1786 319 1848 servanda
336 1785 548 1848 decernimus.
587 1783 623 1847 Si
640 1785 712 1865 quis
727 1804 805 1846 vero
822 1804 943 1866 regum,
966 1785 1207 1866 episcoporum,
1228 1785 1446 1859 sacerdotum,
1468 1786 1667 1861 clericorum,
1692 1785 1835 1847 iudicum

157 1894 193 1936 ac
217 1875 412 1938 secularium
436 1893 657 1955 personarum,
688 1872 773 1936 hanc
804 1874 1046 1937 constitutionis
1069 1880 1179 1937 nostre
1209 1876 1364 1956 paginam
1394 1894 1586 1956 agnoscens,
1618 1882 1733 1936 contra
1763 1893 1835 1936 eam

157 1964 267 2027 venire
289 1964 509 2045 temptaverit,
532 1963 707 2045 potestatis
729 1962 930 2044 honorisque
953 1964 1001 2025 sui
1026 1963 1185 2044 dignitate
1208 1970 1316 2026 careat
1346 1984 1503 2046 reumque
1522 1985 1558 2027 se
1579 1964 1690 2026 divino
1715 1963 1835 2026 iudicio

158 2054 300 2116 existere
324 2053 366 2115 de
388 2060 576 2134 perpetrata
599 2053 770 2134 iniquitate
793 2059 973 2134 cognoscat
1004 2059 1045 2128 et,
1075 2053 1136 2114 nisi
1165 2073 1212 2129 ea,
1245 2073 1308 2134 que
1338 2052 1380 2116 ab
1411 2053 1467 2117 illo
1497 2060 1573 2116 sunt
1604 2052 1687 2115 male
1717 2052 1835 2128 ablata,

158 2143 335 2205 restituerit
349 2142 402 2204 vel
419 2142 522 2223 digna'
534 2142 715 2223 penitentia
731 2142 841 2204 illicite
856 2150 930 2204 acta
946 2140 1121 2217 defleverit,
1138 2162 1158 2203 a
1172 2142 1390 2205 sacratissimo
1407 2163 1545 2224 corpore
1561 2150 1593 2205 et
1608 2141 1766 2223 sanguine
1783 2141 1835 2203 dei

157 2231 216 2312 (et)
233 2232 373 2306 domini,
391 2231 608 2313 redemptoris
624 2231 726 2293 nostri
742 2230 814 2293 Iesu
831 2230 959 2306 Christi,
975 2231 1098 2293 alienus
1114 2230 1179 2308 fiat,
1195 2239 1294 2312 atque
1311 2233 1342 2293 in
1359 2239 1508 2296 extremo
1524 2233 1675 2295 examine
1691 2231 1836 2293 districte

158 2320 272 2383 ultioni
301 2320 479 2383 subiaceat.
526 2320 660 2383 Cunctis
683 2326 802 2396 autem,
830 2321 936 2384 eidem
969 2320 1043 2382 loco
1075 2321 1157 2382 iusta
1179 2321 1390 2396 servantibus,
1414 2323 1457 2385 sit
1480 2343 1547 2403 pax
1578 2320 1701 2384 domini
1733 2319 1836 2382 nostri

155 2408 224 2472 Iesu
241 2409 373 2486 Christi,
400 2417 558 2490 quatenus
581 2418 615 2472 et
637 2409 690 2471 hic
715 2409 853 2472 fructum
870 2409 958 2473 bone
973 2409 1112 2472 actionis
1127 2411 1318 2492 percipiant,
1343 2418 1375 2473 et
1390 2412 1479 2494 apud
1496 2411 1678 2473 districtum
1694 2410 1834 2472 iudicem

155 2500 283 2580 premia
306 2506 420 2562 eterne
442 2499 533 2580 pacis
557 2499 733 2562 inveniant.

315 2700 442 2767 Abschnft
458 2701 501 2750 der
522 2701 581 2751 Coll.
601 2700 703 2751 Mormu
721 2702 774 2750 868
784 2702 813 2765 s.
833 2706 873 2761 17,
892 2703 918 2753 in
936 2704 980 2752 der
997 2703 1060 2754 Bibl.
1079 2703 1208 2753 Notionale
1225 2721 1255 2752 zu
1275 2704 1354 2754 Paris.

316 2775 381 2822 Rota
403 2774 460 2821 und
480 2771 648 2839 Monogramm
672 2773 731 2823 sind
752 2774 918 2838 leigcreiclnel.
955 2775 1053 2825 Erstere
1077 2776 1123 2824 mit
1144 2776 1322 2840 doppellimgem
1341 2775 1508 2833 Inmenlermze,
1534 2775 1578 2823 der
1595 2773 1715 2840 lmclrrit't
1731 2775 1835 2824 Misera·

153 2846 234 2894 tiones
252 2852 306 2903 etc,
326 2845 387 2893 ohne
411 2844 553 2908 llrrrsclmyt.
591 2844 760 2911 Mooogramm
778 2846 845 2895 wohl
859 2846 926 2895 nicio
939 2862 1022 2912 genart
1036 2847 1174 2913 geneiclmct,
1192 2848 1337 2914 doppellimg
1352 2848 1398 2896 mit
1415 2847 1600 2912 iiherragendem
1619 2845 1650 2899 Β.

916 3201 982 3279 Nr.
1017 3207 1075 3280 19.

162 3334 271 3399 Urban
289 3332 337 3397 II
345 3334 526 3416 oenoillrgt
549 3332 706 3415 Wllrelm,
734 3331 864 3416 Grosen
879 3357 940 3399 von
963 3335 1121 3417 Touloose,
1145 3333 1234 3401 ericen
1252 3334 1421 3418 Kirclrlros
1435 3335 1488 3400 bei
1508 3338 1568 3402 der
1584 3334 1706 3401 Kirclte
1722 3338 1835 3402 Notre-

332 3423 442 3487 Domo
456 3423 497 3487 de
520 3422 669 3488 Toulouse
683 3445 723 3489 zu
739 3424 907 3505 erriclrten,
931 3425 993 3489 den
1015 3446 1053 3489 er
1066 3427 1128 3490 mit
1140 3425 1524 3491 Absolutionsvorreclrten
1540 3426 1659 3510 begobt.

953 3560 1048 3623 1038.

320 3690 437 3741 Urbanus
450 3700 517 3758 popo
533 3694 652 3743 tenendus
670 3693 780 3742 coracessii
800 3692 935 3754 Guillelmo,
958 3694 983 3743 T
979 3695 1089 3744 dolorm
1107 3694 1187 3743 comio
1199 3694 1226 3760 ¹),
1246 3702 1363 3760 quatem
1380 3695 1425 3744 sili
1440 3710 1542 3760 maeque
1559 3694 1680 3761 progmiei
1695 3694 1837 3744 cimiterium

152 3787 305 3830 construent
328 3781 398 3830 iuxta
419 3781 538 3830 ecclesalam
561 3789 657 3830 sanctae
682 3777 780 3830 Maniae
804 3782 874 3847 apud
893 3781 1010 3842 Tolosam,
1035 3799 1108 3848 quom
1132 3784 1228 3832 orrrnino
1252 3784 1364 3849 diligebat
1384 3791 1408 3833 et
1431 3783 1563 3833 honorabo!
1585 3783 1721 3848 (qroomque,
1746 3783 1838 3832 (locam

153 3870 255 3919 laudam
272 3870 385 3935 episcopo,
412 3870 574 3935 inquantum
594 3877 714 3934 potuerat,
735 3870 764 3919 de
787 3887 864 3919 manu
887 3870 1040 3920 inimicorum
1062 3871 1223 3940 liberaverat),
1250 3872 1371 3920 absolvens
1392 3873 1422 3921 ab
1439 3872 1548 3921 omnibrcs
1571 3872 1709 3921 delictorum
1732 3871 1838 3920 vr'rrculis

152 3966 203 4007 tom
221 3959 310 4024 psum,
329 3975 405 4023 quom
425 3973 505 4008 omnes
522 3959 589 4018 alios,
607 3958 652 4022 qui
667 3959 692 4007 in
710 3958 787 4006 eodem
806 3958 855 4005 loco
872 3957 993 4022 religionis
1007 3958 1090 4023 gratio
1108 3960 1202 4024 sepeliri
1218 3967 1342 4024 optassent.
1378 3960 1494 4024 Episcopo
1510 3968 1598 4022 autem,
1623 3961 1708 4025 inquil,
1728 3959 1836 4019 civitatis,

153 4048 266 4096 utillud
281 4053 410 4106 conservet,
430 4062 459 4096 ex
472 4052 543 4111 porte
558 4052 639 4095 oestro
657 4045 783 4095 mandabis
796 4044 824 4111 ²).

316 4144 444 4209 Abrchnjst
460 4144 500 4193 des
517 4144 574 4198 MS.
593 4146 637 4195 lat.
657 4145 743 4195 12680
752 4143 804 4206 fol.
824 4145 881 4204 190,
900 4144 926 4193 in
944 4146 988 4193 der
1004 4143 1068 4195 Bibl.
1087 4144 1216 4195 Nationole
1232 4162 1262 4194 zu
1281 4146 1360 4197 Paris.

919 4473 986 4549 Nr.
1018 4479 1079 4550 20.

164 4606 273 4674 llrban
292 4608 337 4671 ΙΙ
347 4606 497 4690 besldtigt
520 4606 594 4671 dem
612 4605 740 4671 Kloslcr
763 4605 933 4672 St-Gilles
955 4607 995 4670 de
1011 4605 1131 4671 Nimes
1152 4607 1207 4671 die
1232 4608 1300 4671 ilrm
1320 4629 1381 4672 von
1405 4608 1581 4689 Bisclrofen
1601 4611 1838 4675 iberaoiesenen

822 4693 967 4760 Kirclren
982 4695 1052 4759 und
1066 4696 1184 4761 Zellen.

741 4831 825 4892 1095
841 4830 992 4894 Februar
1005 4833 1056 4894 18.
1093 4829 1257 4895 Cremona.

322 4969 477 5032 Urbanus
500 4968 684 5049 episcopus,
708 4986 819 5029 servus
841 4987 1008 5029 servorum
1033 4967 1094 5042 dei,
1120 4966 1246 5030 dilectis
1270 4966 1350 5044 filiis,
1375 4967 1510 5031 Odiloni
1533 4970 1646 5033 abbati
1667 4982 1700 5034 et
1723 4974 1838 5035 ceteris

160 5059 264 5121 sancti
290 5057 437 5140 Aegydii
460 5056 640 5134 monachis,
664 5056 802 5119 salutem
826 5068 859 5119 et
882 5056 1098 5137 apostolicam
1122 5055 1396 5120 benedictionem.
1442 5059 1504 5121 Pro
1529 5062 1716 5124 monasterii
1740 5063 1838 5125 vestri

161 5158 342 5229 augmento
373 5168 412 5209 ac
442 5146 642 5209 exaltatione
674 5146 888 5226 deprecantes
920 5165 980 5208 vos
1011 5145 1184 5208 affectione
1214 5156 1350 5225 paterne
1382 5147 1514 5228 pietatis
1545 5150 1722 5214 clementer
1750 5152 1838 5213 audi·

160 5237 282 5318 vimus,
313 5246 347 5300 et
376 5236 462 5299 votis
492 5236 606 5299 vestris
638 5254 697 5317 per
727 5234 904 5298 litterarum
935 5236 1134 5316 presentium
1166 5236 1393 5298 auctoritatem
1427 5237 1631 5318 impartimur
1663 5258 1854 5303 assensum·

166 5414 297 5422 ——-
300 5413 589 5422 *u———a

327 5523 352 5582 1)
380 5517 490 5568 llilielm
503 5520 549 5580 IV,
572 5519 643 5584 Grqf
655 5535 702 5569 von
724 5519 846 5577 Toulouse,
867 5519 1052 5577 roso-1088,
1070 5535 1167 5568 worout
1183 5517 1232 5568 sict
1251 5519 1349 5571 dieZeit
1365 5522 1458 5588 ergiebl.
1499 5521 1577 5591 Jaffl,
1597 5521 1841 5588 Reg.5733donocli

164 5605 193 5639 ou
208 5590 354 5658 komgirm.
463 5593 489 5655 2)
508 5591 618 5656 Sinopsis
639 5607 721 5641 rmom
746 5590 934 5641 memorabilium
955 5590 1079 5654 prioratus
1104 5591 1183 5639 bealae
1211 5589 1307 5641 Mariae
1328 5594 1466 5645 Deauraloe
1495 5595 1631 5656 Tolosonae,
1657 5595 1748 5643 ordinis
1765 5594 1844 5644 soracti
1941 5628 1944 5637 .

167 5663 291 5723 audeo,
311 5663 503 5730 congregationis
520 5664 600 5712 sancti
617 5661 711 5713 Mauri.

215 5759 676 5811 aprinae-nuttam,aer-111.
1614 5758 1629 5808 3
1892 5758 1944 5832 Δ
