3974 6188
160 275 221 340 ¹90

898 449 964 522 ΝΥ.
997 453 1081 524 177.

155 579 309 644 Hadrian
326 579 349 642 I
356 577 383 641 V
400 579 518 641 nr'mmt
536 578 592 641 dic
617 576 888 660 Kollcgr'atkirclre
913 579 980 643 San
996 582 1120 645 Donato
1143 583 1181 645 di
1195 585 1302 647 Lucra
1328 585 1361 647 in
1380 586 1607 668 apostolr'sclren
1622 588 1743 653 Sclruta
1761 592 1828 655 und

594 668 743 751 br’stir'tigt
766 669 837 732 ilzre
860 670 1096 734 Besitallui'mer
1116 672 1185 734 und
1206 672 1323 735 Rrrlzte
1341 676 1349 712 ¹
1348 677 1377 757 ).

760 788 844 847 1158
859 784 962 869 April
973 789 1024 849 13.
1060 787 1208 850 Lateran.

314 901 479 964 Adrianus
503 901 687 983 episcopus,
717 920 828 964 servus
851 922 1016 964 servorum
1042 904 1103 975 dei,
1133 902 1259 965 dilectis
1282 903 1354 966 filiis
1378 903 1521 981 Iohanni,
1554 908 1655 988 priori
1688 909 1825 972 ecclesie

154 993 257 1054 sancti
274 991 406 1064 Donati,
430 992 564 1070 eiusque
580 989 740 1063 fratribus,
764 999 830 1053 tam
853 992 1060 1072 presentibus
1076 1011 1174 1071 quam
1191 992 1315 1067 futuris,
1339 992 1517 1075 regularem
1535 998 1634 1059 vitam
1661 998 1824 1079 professis,

155 1094 193 1144 IN
216 1093 294 1143 PPM.
341 1078 503 1161 Quotiens
534 1079 610 1142 illud
635 1099 654 1140 a
678 1080 773 1141 nobis
796 1081 924 1162 petitur,
950 1082 1040 1162 quod
1072 1082 1187 1143 rationi
1219 1085 1370 1144 convenit
1391 1082 1418 1167 a)
1450 1092 1483 1145 et
1505 1104 1525 1146 a
1548 1087 1671 1148 iustitie
1695 1091 1825 1151 tramite

155 1190 221 1232 non
246 1171 377 1244 recedit,
410 1168 519 1231 animo
544 1189 605 1232 nos
637 1169 733 1231 decet
764 1169 877 1232 libenti
909 1171 1091 1233 concedere
1123 1180 1156 1233 et
1188 1173 1368 1251 petentium
1399 1173 1569 1248 desideria,
1601 1175 1722 1238 effectu
1753 1198 1825 1257 pro·

155 1266 322 1339 sequente,
354 1259 528 1340 complere.
583 1258 784 1338 Eapropter,
816 1259 925 1322 dilecti
956 1261 987 1321 in
1019 1260 1154 1321 domino
1186 1259 1251 1336 filii,
1284 1261 1374 1322 iustis
1405 1262 1681 1343 postulationibus
1712 1266 1825 1328 vestris

155 1348 331 1411 clementer
354 1348 520 1412 annuimus
544 1357 577 1409 et
600 1347 760 1429 prefatam
785 1348 964 1422 ecclesiam,
988 1350 1019 1410 in
1044 1369 1109 1429 qua
1131 1349 1240 1411 divino
1265 1353 1440 1431 mancipati
1465 1355 1543 1413 estis
1569 1353 1743 1432 obsequio,
1765 1356 1824 1417 sub

155 1439 242 1501 beati
266 1439 351 1500 Petri
375 1446 408 1500 et
432 1445 541 1499 nostra
563 1438 769 1518 protectione
792 1439 982 1519 suscipimus
1008 1446 1041 1500 et
1066 1440 1224 1519 presentis
1248 1440 1359 1520 scripti
1384 1440 1552 1522 privilegio
1577 1444 1825 1508 communimus.

154 1528 190 1590 In
215 1529 326 1607 primis
349 1527 510 1605 siquidem
535 1534 722 1600 statuentes,
753 1534 789 1588 ut
812 1528 894 1588 ordo
929 1528 1103 1589 canonicus
1127 1529 1172 1590 ibi
1203 1530 1381 1590 secundum
1412 1530 1464 1591 dei
1495 1533 1647 1593 timorem
1680 1540 1714 1594 et
1738 1532 1824 1596 beati

155 1615 327 1698 Augustini
352 1615 495 1697 regulam
520 1617 687 1697 perpetuis
704 1616 909 1697 temporibus
933 1616 1162 1679 inviolabiliter
1177 1617 1377 1679 observetur.
1415 1619 1575 1693 preterea,
1600 1639 1825 1702 quascumque

154 1708 387 1787 possessiones,
411 1724 617 1786 quecumque
640 1704 729 1766 bona
753 1706 868 1767 eadem
893 1706 1029 1768 ecclesia
1053 1708 1084 1768 in
1106 1708 1338 1786 presentiarum
1357 1709 1439 1770 iuste
1456 1716 1489 1771 et
1504 1712 1661 1772 canonice
1678 1712 1825 1791 possidet

153 1804 209 1857 aut
225 1798 256 1857 in
273 1796 412 1857 futurum
429 1796 639 1856 concessione
655 1793 857 1875 pontificum,
882 1796 1051 1876 largitione
1067 1815 1179 1876 regum
1197 1796 1247 1857 vel
1272 1797 1467 1878 principum,
1492 1797 1661 1861 oblatione
1681 1798 1824 1862 fidelium

153 1904 210 1947 seu
234 1884 305 1946 aliis
329 1883 574 1946 rationabilibus
598 1884 713 1956 modis
737 1892 903 1965 prestante
926 1885 1070 1956 domino,
1095 1887 1216 1965 poterit
1239 1885 1384 1965 adipisci,
1412 1885 1505 1948 firma
1527 1887 1621 1949 vobis
1645 1889 1824 1968 vestrisque

154 1974 397 2036 successoribus
438 1981 470 2034 et
507 1972 633 2034 illibata
663 1981 885 2054 permaneant.
939 1973 974 2034 In
1007 1974 1124 2054 quibus
1155 1972 1216 2035 hec
1248 1977 1390 2056 propriis
1423 1975 1575 2038 duximus
1609 1979 1825 2059 exprimenda

152 2061 337 2125 vocabulis:
376 2071 496 2124 terram
526 2061 680 2124 videlicet
711 2083 784 2124 cum
815 2083 890 2125 casa
921 2071 954 2125 et
984 2071 1056 2125 orto
1089 2071 1122 2124 et
1153 2064 1242 2125 omni
1272 2083 1332 2125 suo
1364 2063 1491 2127 edificio
1523 2073 1557 2127 et
1586 2066 1763 2130 intratoriis
1793 2076 1825 2130 et

153 2152 406 2234 ingressionibus
428 2153 502 2225 suis,
526 2170 624 2230 quam
648 2152 863 2232 predecessor
887 2160 1004 2227 noster,
1029 2161 1141 2214 sancte
1162 2154 1322 2214 memorie
1346 2151 1539 2217 Alexander
1562 2175 1664 2236 papa,
1697 2156 1825 2238 pietatis

153 2242 269 2304 intuitu
302 2242 440 2304 ecclesie
470 2250 577 2302 vestre
606 2243 767 2303 concessit
797 2250 829 2304 et
861 2241 1019 2323 privilegii
1049 2243 1096 2303 sui
1130 2241 1305 2303 munimine
1336 2242 1511 2317 roboravit,
1544 2244 1824 2325 quemadmodum

153 2331 183 2392 in
208 2332 308 2412 ipsius
332 2330 503 2411 privilegio
528 2332 722 2406 continetur,
754 2330 847 2393 vobis
871 2333 1065 2393 auctoritate
1088 2330 1268 2410 apostolica
1292 2330 1530 2394 confirmamus.
1576 2332 1705 2396 Domus
1730 2335 1824 2397 etiam

154 2419 332 2501 hospitalis,
357 2420 446 2499 quod
464 2420 579 2481 dicitur
594 2421 698 2481 sancti
714 2419 845 2496 Donati,
870 2440 943 2481 cum
961 2420 1113 2482 omnibus
1130 2421 1334 2501 pertinentiis
1349 2421 1423 2495 suis,
1447 2441 1545 2501 quam
1562 2421 1653 2484 bone
1669 2424 1825 2485 memorie

153 2509 300 2572 Villanus
324 2509 493 2590 quondam
519 2508 657 2570 Rolandi
688 2509 974 2591 predecessoribus
997 2511 1111 2571 vestris
1136 2517 1169 2570 et
1191 2510 1367 2570 commisse
1386 2507 1416 2594 b)
1444 2511 1523 2591 ipsis
1548 2510 1687 2573 ecclesie
1711 2514 1825 2575 intuitu

154 2600 285 2681 pietatis
308 2600 472 2661 concessit
500 2606 600 2678 atque
624 2598 758 2660 donavit
788 2607 821 2660 et
844 2600 956 2679 scripti
988 2600 1166 2660 assertione
1198 2598 1441 2661 concessionem
1472 2599 1575 2681 ipsam
1612 2599 1826 2676 confirmavit,

154 2689 434 2768 quemadmodum
467 2689 497 2749 in
529 2687 646 2749 eodem
679 2689 802 2769 scripto
833 2686 1067 2750 rationabiliter
1097 2687 1295 2760 continetur,
1328 2695 1361 2748 et
1391 2687 1579 2763 ecclesiam,
1612 2707 1677 2769 que
1710 2690 1827 2753 dicitur

153 2785 264 2840 sancte
287 2777 390 2839 Marie
414 2777 456 2838 de
480 2775 595 2850 Cursu,
627 2797 700 2838 cum
733 2778 936 2858 pertinentiis
959 2779 1025 2839 suis
1056 2777 1149 2838 vobis
1177 2774 1401 2837 nichilominus
1431 2776 1661 2841 confirmamus
1694 2787 1728 2841 et
1752 2798 1827 2843 con·

153 2866 369 2929 firmationem
402 2866 506 2947 ipsam
537 2873 640 2927 ratam
673 2874 706 2927 et
737 2865 958 2928 inconvulsam
991 2865 1105 2927 futuris
1135 2865 1340 2946 temporibus
1380 2866 1585 2928 decernimus
1623 2887 1826 2949 permanere.

153 2955 366 3019 Prohibemus
390 2957 529 3037 insuper,
563 2962 597 3015 ut
620 2954 697 3016 nulli
722 2974 865 3034 unquam
889 2957 1120 3017 canonicorum
1150 2962 1225 3035 post
1257 2954 1374 3016 factam
1407 2954 1451 3016 ibi
1484 2955 1734 3030 confessionem,
1766 2960 1827 3021 nisi

154 3048 268 3107 intuitu
293 3044 434 3107 melioris
457 3044 521 3106 vite
543 3042 647 3117 liceat,
670 3043 713 3105 de
737 3043 878 3106 claustro
901 3053 1010 3107 vestro
1042 3043 1222 3106 discedere.
1268 3043 1501 3106 Discedentem
1525 3064 1603 3107 vero
1638 3046 1708 3108 sine
1739 3067 1827 3110 com·

154 3135 296 3197 munium
335 3135 485 3196 cautione
515 3131 691 3195 litterarum
733 3132 836 3194 nullus
875 3134 994 3195 audeat
1028 3134 1175 3195 retinere.
1229 3129 1436 3213 Sepulturam
1468 3153 1601 3215 quoque
1631 3136 1736 3217 ipsius
1765 3137 1827 3199 loci

154 3224 286 3287 liberam
311 3243 383 3286 esse
407 3223 626 3296 concedimus,
650 3230 821 3295 uteorum,
846 3225 901 3301 qui
918 3222 982 3285 illic
998 3221 1128 3303 sepeliri
1152 3220 1412 3296 deliberaverint,
1436 3222 1604 3285 devotioni
1619 3231 1654 3286 et
1676 3232 1827 3289 extreme

152 3312 325 3387 voluntati,
356 3314 416 3373 nisi
439 3312 714 3374 excommunicati
738 3311 790 3373 vel
814 3312 975 3374 interdicti
1000 3312 1123 3384 fuerint,
1155 3310 1259 3373 nullus
1283 3311 1430 3384 obsistat,
1461 3310 1682 3375 salvatamen
1706 3314 1828 3377 iustitia

154 3404 297 3466 matricis
321 3401 468 3465 ecclesie.
515 3400 658 3463 Clericos
681 3420 760 3463 vero
783 3401 850 3463 sive
873 3399 983 3474 laicos,
1007 3401 1127 3463 liberos
1150 3408 1183 3461 et
1206 3398 1384 3475 absolutos,
1412 3400 1600 3463 seculariter
1621 3403 1771 3465 viventes
1795 3413 1828 3466 et

153 3492 196 3554 ad
227 3512 287 3553 vos
317 3491 538 3554 conversionis
569 3491 672 3570 gratia
701 3491 839 3552 transire
870 3491 1032 3565 volentes,
1062 3489 1260 3569 suscipiendi
1292 3488 1478 3552 facultatem
1508 3489 1645 3553 liberam
1667 3490 1828 3555 habeatis.

155 3579 309 3643 Mansnro
331 3589 479 3663 preterea
502 3580 532 3640 in
557 3586 751 3660 perpetuum
775 3580 909 3641 decreto
934 3582 1062 3661 penitus
1086 3576 1306 3659 prohibemus,
1331 3586 1366 3641 ut
1390 3579 1508 3641 nemini
1532 3579 1653 3654 abbati,
1685 3602 1828 3645 monaco

154 3672 224 3733 sive
246 3670 364 3733 clerico
387 3668 438 3730 vel
460 3667 554 3731 alicui
578 3687 718 3750 persone
743 3667 847 3742 liceat,
875 3668 1015 3750 aliquem
1041 3666 1327 3750 parrochianorum
1352 3676 1533 3730 vestrorum
1557 3669 1599 3731 ad
1623 3670 1827 3752 sepulturam

155 3761 310 3841 recipere,
341 3760 400 3821 nisi
430 3759 520 3820 salva
552 3759 673 3819 iustitia
696 3765 802 3819 vestre
834 3758 979 3820 ecclesie.
1026 3758 1179 3819 Decimas
1212 3765 1320 3819 autem
1355 3758 1500 3819 omnium
1532 3756 1827 3839 parrochianorum

154 3858 351 3923 vestrorum,
392 3867 455 3929 que
486 3847 527 3909 de
557 3846 625 3910 iure
655 3849 813 3909 canonico
845 3847 983 3911 ecclesie
1006 3855 1113 3909 vestre
1147 3847 1355 3927 proveniunt,
1387 3846 1480 3908 vobis
1510 3849 1707 3911 auctoritate
1738 3852 1827 3912 sedis

155 3938 337 4021 apostolice
367 3935 605 3999 confirmamus.
660 3934 848 3999 Statuentes
879 3938 994 4011 etiam,
1030 3944 1065 3998 ut
1095 3936 1125 3996 in
1158 3935 1285 3997 letaniis
1318 3943 1351 3996 et
1382 3936 1544 4017 precipuis
1575 3936 1827 4001 solennitatibus

155 4028 464 4091 circumadiacentes
487 4024 644 4107 capellani
667 4025 813 4088 debitam
838 4034 870 4087 et
894 4034 1083 4088 consuetam
1103 4026 1316 4086 reverentiam
1332 4024 1427 4085 vobis
1444 4023 1628 4088 exhibeant.
1669 4024 1827 4091 Obeunte

154 4137 232 4181 vero
255 4126 297 4192 te,
321 4136 404 4177 nunc
428 4115 573 4177 eiusdem
598 4114 660 4176 loci
686 4116 802 4195 priore,
827 4114 1030 4177 veltuorum
1055 4114 1204 4196 quolibet
1226 4132 1458 4188 successorum,
1482 4112 1585 4176 nullus
1609 4115 1653 4178 ibi
1678 4116 1826 4198 qualibet

154 4208 374 4289 supreptionis
396 4205 515 4267 astutia
537 4223 594 4266 seu
625 4203 777 4266 violentia
805 4212 1019 4285 preponatur,
1052 4204 1111 4266 nisi
1142 4222 1238 4282 quem
1272 4202 1385 4264 iratres
1417 4203 1580 4266 communi
1611 4205 1750 4268 consilio
1774 4205 1825 4269 vel

155 4317 230 4379 pars
258 4294 383 4358 consilii
413 4292 549 4356 sanioris
578 4293 758 4355 secundum
781 4294 835 4355 dei
859 4295 1010 4356 timorem
1043 4301 1075 4354 et
1105 4292 1191 4354 beati
1214 4291 1389 4372 Augustini
1422 4289 1593 4378 (regulam)
1623 4296 1827 4376 providerint

155 4385 351 4468 eligendum.
397 4383 611 4445 Decernimus
635 4402 722 4464 ergo,
755 4390 790 4443 ut
821 4382 898 4444 nulli
924 4385 1057 4444 omnino
1086 4381 1195 4453 liceat,
1226 4380 1386 4461 prefatam
1420 4380 1590 4444 ecclesiam
1617 4433 1623 4446 .
1648 4431 1655 4446 .
1683 4433 1689 4446 .
1714 4384 1824 4447 usibus

155 4475 352 4537 omnimodis
384 4472 567 4555 profutura,
599 4470 688 4534 salva
717 4472 867 4533 nimirum
899 4473 930 4533 in
962 4472 1113 4533 omnibus
1142 4469 1229 4531 sedis
1260 4469 1441 4549 apostolice
1473 4473 1668 4535 auctoritate
1699 4482 1733 4535 et
1755 4473 1825 4536 dio·

154 4584 345 4627 cesanorum
362 4563 590 4643 episcoporum
609 4560 763 4623 canonica
780 4562 910 4623 iustitia.
943 4558 976 4622 Si
992 4579 1056 4640 qua
1072 4561 1169 4642 igitur
1192 4606 1199 4619 .
1225 4605 1231 4619 .
1257 4605 1263 4618 .
1290 4557 1421 4621 Cunctis
1437 4566 1546 4621 autem
1568 4608 1575 4621 .
1598 4610 1604 4623 .
1626 4562 1823 4626 ‚inveniant

154 4653 273 4716 Amen.
297 4651 416 4714 Amen.
440 4651 558 4713 Amen.

366 4741 422 4821 (R)
445 4741 519 4821 Ego
542 4737 707 4800 Adrianus
731 4737 904 4820 episcopus
927 4735 1087 4799 catholice
1111 4736 1247 4799 ecclesie
1270 4756 1311 4798 ss.
1335 4734 1396 4822 (M)

367 4828 386 4911 †
410 4829 483 4911 Ego
506 4827 603 4891 lulius
626 4827 789 4909 presbiter
811 4826 979 4889 cardinalis
1002 4827 1048 4888 tit.
1073 4827 1176 4888 sancti
1201 4826 1346 4888 Marcelli
1369 4846 1409 4887 ss.

366 4917 386 5002 †
410 4919 482 5000 Ego
505 4916 653 4980 Ubaldus
677 4917 838 4998 presbiter
861 4914 1032 4979 cardinalis
1055 4916 1101 4977 tit.
1123 4924 1236 4978 sancte
1260 4914 1371 4978 Crucis
1395 4915 1425 4975 in
1449 4913 1654 4979 Hierusalem
1679 4936 1722 4979 ss

365 5010 386 5086 †
409 5007 482 5089 Ego
507 5004 705 5069 Octavianus
729 5006 890 5087 presbiter
913 5004 1084 5068 cardinalis
1107 5006 1155 5066 tit.
1178 5012 1290 5066 sancte
1314 5003 1432 5066 Cecilie
1454 5024 1496 5065 ss.

364 5099 385 5175 †
407 5098 480 5178 Ego
493 5094 653 5159 lohannes
666 5095 828 5176 presbiter
839 5096 1010 5158 cardinalis
1022 5102 1207 5156 sanctorum
1221 5093 1374 5155 Iohannis
1388 5101 1421 5154 et
1433 5093 1522 5155 Pauli
1539 5096 1587 5155 tit.
1604 5093 1770 5158 Pamachii
1782 5115 1820 5158 ss.

365 5189 386 5264 †
408 5187 482 5267 Ego
505 5184 663 5247 Albertus
687 5184 848 5266 presbiter
871 5184 1042 5248 cardinalis
1066 5185 1114 5246 tit.
1138 5184 1239 5244 sancti
1264 5182 1428 5245 Laurentii
1453 5184 1484 5244 in
1506 5182 1634 5245 Lucina
1655 5203 1699 5246 ss.
1730 5246 1733 5252 ,

364 5275 385 5357 †
408 5275 481 5356 Ego
506 5271 607 5336 Oddo
631 5275 790 5336 diaconus
814 5274 982 5336 cardinalis
1005 5275 1054 5335 tit.
1078 5274 1180 5334 sancti
1206 5270 1337 5354 Georgii
1362 5272 1402 5333 ad
1427 5271 1545 5335 Velum
1570 5293 1705 5337 aureum
1728 5294 1771 5337 ss.

365 5367 385 5442 i·
409 5365 481 5445 Ego
505 5364 593 5426 Boso
618 5365 776 5425 diaconus
799 5363 967 5425 cardinalis
991 5371 1176 5424 sanctorum
1201 5360 1321 5423 Cosme
1345 5370 1378 5423 et
1402 5361 1554 5424 Damiani
1577 5382 1619 5423 ss

365 5456 385 5533 i
409 5453 481 5534 Ego
506 5452 665 5533 Cinthyus
690 5454 845 5515 diaconus
870 5451 1042 5514 cardinalis
1065 5451 1166 5513 sancti
1190 5448 1329 5512 Adriani
1352 5471 1393 5512 ss

313 5599 336 5661 a)
357 5596 489 5645 conveniat
560 5596 587 5655 b)
607 5595 741 5643 commisse
759 5610 806 5642 aron
831 5594 934 5641 andem
952 5592 1032 5641 Hand
1047 5593 1072 5640 in
1091 5592 1140 5640 rinc
1156 5592 1328 5655 urspriirqur'cle
1352 5593 1400 5640 lrer
1417 5593 1537 5656 gelassent
1553 5591 1635 5640 Liicke
1651 5593 1760 5658 qffmbor
1775 5606 1817 5639 rm·

151 5667 272 5733 geschickr
285 5668 443 5733 ringctragen.
463 5706 513 5712 ....
535 5670 570 5733 .1)
595 5666 673 5729 Vergl.
695 5664 773 5730 Jaffl,
792 5668 851 5729 Rrg.
869 5666 945 5715 3382.
