3974 6188
1789 281 1832 358 89

373 496 417 507 —
431 459 452 544 †
468 459 541 544 Ego
558 459 660 526 Oddo
684 462 839 527 diaconus
863 462 1036 526 cardinalis
1060 465 1164 526 sancti
1187 461 1318 547 Georgii
1340 464 1382 528 ad
1398 463 1520 528 Velum
1536 460 1544 549 ll
1566 485 1700 529 aureum
1723 485 1764 527 ss.
1780 461 1831 550 (1)

372 548 393 633 †
417 552 490 633 Ego
513 549 676 616 lohannes
700 572 827 635 paparo
850 551 1009 615 diaconus
1032 553 1203 617 cardinalis
1227 555 1330 617 sancti
1354 553 1492 617 Adriani
1515 575 1557 616 ss.
1583 556 1631 634 (7)

319 640 394 704 Dat.
411 639 583 716 Cremone,
605 662 666 723 per
688 662 819 705 manum
836 640 1024 717 GU1DON18;
1047 651 1160 705 sancte
1175 643 1325 706 Romane
1345 643 1483 707 ecclesie
1506 645 1636 707 diaconi
1659 643 1831 707 cardinalis

152 736 188 790 et
213 728 407 793 cancellarii.
452 729 538 793 Non.
561 729 617 793 lul
662 730 845 795 indictione
867 746 913 795 XI.
959 730 1195 795 Incarnationis
1226 733 1388 796 dominice
1419 754 1505 797 anno
1532 745 1704 797 Mchan.
1749 734 1830 797 Pon·

150 817 298 882 tifrcatus
320 839 400 883 vero
423 818 538 882 domni
561 818 710 883 EUGENii
733 835 772 884 111
795 842 851 903 pp.
877 842 962 885 anno
986 829 1113 903 quarto.
1136 855 1181 867 -

321 933 374 994 Or,
397 933 440 983 Or.
459 932 630 1001 Nachbildung
646 935 703 984 und
716 935 869 1001 Abschn‘ften
887 935 927 984 des
945 936 1097 985 14und15
1120 936 1220 1001 Jahrb,
1238 937 1271 985 im
1289 935 1403 986 Archr‘vr‘o
1421 936 1448 985 di
1463 937 1531 986 Staio
1547 953 1577 986 aaa
1595 935 1719 986 Maitona

321 1006 366 1056 Or.
385 1006 454 1070 Ptrg.
477 1004 538 1066 ital„
560 1007 596 1055 br.
616 1008 667 1066 Ο,ὄ,
691 1008 752 1072 lang
768 1009 856 1066 0,606,
880 1013 955 1056 untm
972 1008 1052 1068 0,035
1075 1008 1271 1074 umgesclrlagm,
1297 1008 1375 1058 durch
1392 1008 1450 1058 awei
1466 1009 1559 1057 Licher
1581 1009 1645 1075 ging
1669 1008 1706 1057 die
1724 1007 1829 1067 Schnur,

151 1077 243 1126 welche
268 1077 313 1126 mel
337 1078 391 1127 dem
409 1077 489 1143 Siegel
507 1080 624 1128 aerloren.
661 1078 770 1144 Foltung
792 1079 836 1128 der
852 1079 949 1129 Bullen.
986 1078 1096 1128 Im'tiale:
1108 1079 1204 1143 flecht,
1227 1079 1306 1146 wenig
1326 1080 1522 1147 hervorgclobem
1549 1080 1716 1145 Uncialsorm,
1745 1079 1832 1129 δίαιν-

151 1149 244 1214 sclrnf!
259 1148 504 1213 mpp0,015tloch,
527 1149 849 1216 Vmwgangofmpeo,
863 1151 1006 1214 stellioni.
1040 1151 1257 1216 A'omcriptschrift
1272 1151 1374 1202 sintice.
1405 1151 1545 1218 illrzjuskeln
1563 1152 1647 1206 betoni.
1677 1151 1773 1214 Nomen
1790 1152 1834 1201 der

155 1220 244 1284 Pdpste
270 1220 400 1286 daldlang,
429 1237 446 1284 g
467 1221 511 1269 mit
536 1221 731 1286 Schlaymsatol.
769 1221 915 1271 Zeilenweite
937 1237 957 1271 c.
982 1224 1070 1282 uota,
1106 1222 1169 1272 Drci
1190 1224 1243 1287 aus
1260 1226 1341 1283 0,024
1364 1224 1628 1290 mommengea'rdngie
1650 1224 1727 1272 Amen
1748 1222 1830 1272 Nn?

152 1292 280 1341 schliessen
297 1293 335 1342 die
352 1295 416 1342 letale
434 1292 496 1341 Zeilc
512 1294 550 1342 ab.
587 1295 649 1342 Rota
667 1293 714 1342 Nr.
736 1295 760 1352 1,
784 1293 1064 1353 Durchmesrero,051,
1088 1309 1136 1343 von
1161 1294 1204 1343 der
1226 1296 1307 1344 letaten
1326 1295 1388 1344 Zeila
1405 1297 1493 1355 0,006.
1531 1294 1701 1360 Monogromm
1726 1294 1773 1347 Nr.
1789 1294 1830 1354 lb,

152 1363 504 1424 toch0‚054,bre1t0,038.
541 1365 677 1429 Ringkreuz
701 1365 758 1413 und
776 1364 940 1429 Untaearcbrilt
964 1365 1078 1415 dunklere
1096 1366 1177 1415 Dinte.
1215 1366 1344 1432 Datimng
1365 1383 1421 1415 vom
1439 1367 1561 1416 Schreiber
1585 1366 1624 1415 des
1642 1365 1830 1430 Hauptkdrperr,

153 1436 283 1486 Guidonis
309 1437 382 1486 doris
409 1436 454 1485 mit
478 1443 551 1486 etwas
576 1437 705 1485 dunklerer
728 1436 804 1486 Diale
830 1436 1017 1502 nochgetragm,
1048 1453 1095 1486 von
1119 1437 1236 1487 derselbm
1261 1438 1334 1487 rethre
1358 1438 1396 1488 die
1423 1438 1559 1502 Unuchn'st
1579 1438 1628 1487 her.
1664 1438 1712 1487 Die
1737 1437 1830 1503 Zeugen

152 1507 265 1557 schim
286 1509 335 1557 alle
358 1507 403 1557 mai
422 1508 562 1557 Ammona
584 1508 625 1557 des
643 1508 777 1572 Frtsbyters
793 1508 868 1574 Hugo
883 1524 932 1556 von
949 1508 993 1557 der
1010 1508 1085 1557 Dirae
1108 1510 1152 1558 der
1164 1510 1252 1573 pa'pstl.
1280 1510 1454 1575 Unterschrrfl,
1480 1510 1542 1559 auch
1559 1509 1626 1558 wohl
1639 1511 1688 1559 alle
1696 1510 1772 1574 fiius
1783 1525 1831 1557 von

150 1579 259 1644 gleicher
275 1579 357 1630 Hand
371 1579 541 1640 mnsam,
560 1580 597 1628 die
615 1579 678 1628 nari
702 1580 817 1645 Varlagm
835 1579 947 1629 arbeitete.

319 1651 497 1717 Nocibildamg.
537 1651 606 1718 Perg.
631 1650 692 1713 ital,
716 1651 752 1699 br.
772 1652 858 1710 0,625,
884 1652 1027 1716 lang0,61,
1053 1657 1127 1700 uraten
1145 1652 1225 1710 dore
1249 1651 1444 1719 aarngcschlogm,
1469 1652 1548 1702 durch
1566 1653 1583 1701 3
1601 1651 1694 1701 Lecto
1707 1650 1770 1716 ging
1794 1649 1832 1699 die

154 1722 268 1782 Sthnur,
294 1723 382 1772 welche
397 1724 442 1774 ma
466 1724 519 1772 dem
537 1722 616 1789 Sr'egel
634 1724 750 1771 verloren.
788 1721 896 1788 Faltung
912 1724 955 1772 der
972 1723 1070 1772 Bullen.
1106 1723 1143 1772 Es
1167 1724 1199 1771 ist
1219 1722 1269 1772 eine
1288 1723 1437 1774 Pmnkbulle
1458 1724 1504 1773 mit
1526 1726 1590 1772 allen
1608 1721 1831 1773 Aouserlichkeiten

153 1795 221 1842 einer
236 1794 339 1844 solchm.
376 1796 425 1846 Die
442 1795 615 1859 Nacibildung
631 1793 731 1843 erkennt
748 1810 806 1842 man
823 1811 857 1842 on
875 1795 919 1843 dtr
935 1793 1030 1858 Schn'st
1046 1794 1086 1842 des
1097 1795 1285 1858 Hauptkirpers,
1305 1795 1341 1843 die
1358 1795 1425 1844 nicht
1438 1812 1519 1862 gmou
1538 1795 1678 1844 orechten
1695 1793 1830 1858 mispricht,

154 1866 200 1914 der
216 1866 318 1915 Drekon
340 1865 371 1915 ist
386 1868 482 1926 andere,
500 1867 537 1916 die
554 1867 646 1915 kleinen
665 1865 817 1914 Buchstobm
840 1882 870 1913 αι
883 1882 954 1931 gross
976 1865 1033 1913 und
1046 1865 1144 1926 schwer,
1169 1867 1267 1914 auden
1285 1866 1337 1915 drei
1352 1867 1419 1916 nicht
1435 1883 1545 1934 gnaeum
1562 1868 1647 1926 Amen,
1668 1867 1757 1925 daron,
1775 1865 1831 1914 dass

154 1937 194 1986 ate
211 1939 276 1986 Rota
293 1937 361 1986 reicit
378 1955 468 2006 genua,
490 1940 575 1987 mmal
589 1938 615 1986 in
638 1938 682 1987 der
699 1937 825 2001 Imckrijt,
850 1937 887 1986 die
908 1936 1071 2001 Umerschrift
1093 1936 1222 2002 caspricht
1245 1954 1296 1986 nur
1318 1940 1442 2004 magefohr
1458 1939 1513 1988 und
1533 1937 1664 1988 dotalicia
1682 1938 1725 1987 dtr
1742 1937 1829 1996 ecum,

153 2010 186 2058 rie
209 2008 241 2057 ist
267 2009 318 2058 vr'el
339 2026 370 2059 au
394 2010 566 2070 schwdclrlich,
594 2008 763 2074 Monogromm
788 2024 909 2073 ungmou.
951 2009 1000 2058 Von
1027 2009 1070 2057 der
1093 2009 1223 2074 Datinmg
1240 2010 1288 2073 gili
1310 2009 1355 2057 das
1382 2010 1482 2071 Gleiclu,
1506 2010 1550 2059 rori
1571 2026 1625 2058 vom
1651 2008 1830 2072 Hauptkitrpcr,

154 2080 283 2130 Guidonis
306 2082 337 2129 ist
356 2097 408 2131 nur
426 2082 551 2148 unges'dkr
566 2098 592 2131 so
609 2081 761 2146 ausgefilhrt,
780 2080 825 2128 wie
842 2081 884 2128 der
901 2079 963 2128 echte
980 2080 1066 2140 Name,
1092 2082 1150 2131 doch
1168 2080 1194 2129 in
1212 2080 1256 2128 der
1271 2082 1325 2140 Art,
1350 2098 1393 2130 um
1411 2083 1457 2131 den
1477 2082 1585 2132 Glouben
1602 2097 1632 2129 au
1650 2080 1780 2139 ermecken,
1805 2095 1832 2129 er

153 2153 189 2202 sci
213 2152 396 2219 nacdgetrogm.
440 2154 571 2203 Besonders
594 2160 642 2218 gut
667 2152 710 2200 bot
735 2151 784 2200 sict
809 2151 853 2200 dtr
878 2150 1043 2200 Nochbildmr
1071 2152 1097 2201 in
1124 2154 1169 2203 dm
1193 2151 1371 2202 versckiedenen
1394 2155 1496 2203 Fimen
1522 2171 1552 2203 au
1571 2154 1695 2202 versullen
1717 2159 1830 2218 gewmst,

152 2241 179 2273 so
198 2225 255 2273 dors
272 2241 332 2274 mort
348 2224 441 2276 meissen
458 2226 552 2285 kerone,
570 2241 594 2274 es
610 2224 672 2273 scien
689 2223 851 2272 verschr'edenc
862 2223 955 2271 Hdndc
972 2224 1049 2289 thing
1055 2240 1170 2289 geroesen.
1208 2225 1272 2272 Alos
1289 2224 1321 2272 ist
1330 2240 1378 2273 von
1390 2225 1457 2276 einer
1471 2227 1575 2276 liberm
1582 2224 1728 2292 geschicktcn
1743 2224 1831 2274 Person

149 2296 271 2362 gemacht.
290 2325 324 2334 -
349 2297 426 2364 Vergl.
446 2298 491 2347 das
508 2296 641 2346 Nachwort
658 2295 701 2344 der
710 2295 843 2360 folgenden
865 2294 988 2344 Urkunde.

913 2524 980 2599 Nr.
1011 2529 1073 2599 88.

153 2694 183 2747 aa
217 2676 334 2761 Eugen
350 2676 416 2740 III
433 2675 582 2759 bestutgt
608 2676 682 2739 dem
710 2674 789 2737 Abte
810 2671 942 2736 Anselm
964 2694 1025 2736 von
1047 2671 1117 2740 San
1140 2674 1251 2737 Pietro
1272 2674 1312 2737 di
1337 2673 1424 2738 Cielo
1446 2673 1549 2739 clOro
1579 2675 1619 2739 di
1640 2672 1746 2739 Povia
1775 2676 1830 2739 die

586 2764 823 2830 Besitztlzic'mer
843 2763 914 2827 und
934 2762 1051 2826 Rechte
1073 2763 1177 2827 seines
1202 2760 1347 2827 Klosters
1365 2767 1403 2843 ¹).

781 2899 867 2961 1148
881 2895 961 2972 Juli
974 2899 1002 2960 7.
1039 2895 1204 2961 Cremona.

317 3034 446 3098 Eugenius
464 3033 605 3098 episcopus,
624 3046 710 3081 servus
727 3045 857 3079 servorum
876 3029 926 3093 dei,
953 3029 1046 3079 dilecto
1065 3029 1117 3079 filio
1140 3029 1272 3092 Anselmo,
1291 3028 1374 3077 abbati
1396 3028 1541 3076 monasterii
1562 3028 1641 3077 sancti
1658 3028 1733 3091 Petri,
1761 3028 1828 3092 quod

152 3120 247 3169 dicitur
272 3119 362 3171 Celum
389 3137 499 3183 aureum,
524 3122 625 3186 eiusque
653 3118 839 3169 successoribus
866 3118 1011 3182 regulariter
1036 3118 1223 3180 substituendis,
1242 3128 1272 3166 1rr
1299 3129 1362 3166 eeu.
1382 3144 1414 3152 -
1435 3115 1499 3165 Cum
1528 3116 1638 3164 omnium
1666 3116 1828 3166 ecclesiarum

153 3209 232 3274 quieti
252 3216 277 3258 et
296 3210 393 3260 utilitati
411 3209 433 3276 ι)
453 3225 483 3259 ex
502 3208 612 3258 iniuncto
630 3207 704 3256 nobis
722 3223 737 3256 a
756 3206 806 3255 deo
828 3206 983 3271 apostolatus
1007 3205 1093 3255 officio
1118 3213 1223 3270 paterna
1240 3204 1396 3254 solicitudine
1414 3204 1545 3253 intendere
1564 3203 1709 3267 debeamus,
1731 3205 1828 3254 illarum

154 3305 240 3347 tamen
257 3296 431 3361 ecclesiarum,
456 3312 504 3362 que
523 3303 608 3347 sancte
626 3297 741 3346 Romane
761 3296 869 3345 ecclesie
888 3295 946 3344 iuris
965 3295 1085 3357 existunt,
1109 3300 1178 3343 tanto
1197 3294 1303 3358 amplius
1322 3309 1406 3343 curam
1425 3309 1515 3358 gerere
1534 3308 1580 3341 uos
1599 3299 1711 3358 oportet,
1736 3300 1829 3359 quanto

154 3386 292 3450 specialius
315 3386 370 3451 ipse
396 3386 536 3450 apostolice
564 3385 619 3435 sedi
638 3384 761 3433 adherere
779 3390 922 3437 noscuntur.
957 3382 1081 3446 Proinde,
1108 3382 1201 3431 dilecte
1219 3383 1244 3431 in
1263 3382 1367 3431 domino
1387 3380 1430 3444 fili,
1449 3381 1569 3430 Anselme
1588 3380 1674 3443 abbas,
1693 3381 1740 3431 tuis
1759 3381 1829 3430 iustis

154 3473 318 3539 petitionibus
345 3474 483 3523 clementer
509 3481 655 3536 annuentes,
683 3474 892 3538 predecessorum
918 3477 1075 3534 nostrornm,
1109 3471 1190 3520 felicis
1216 3470 1337 3519 memorie
1364 3469 1508 3533 Paschalis,
1541 3467 1645 3531 Calixti,
1680 3468 1828 3531 Innocentii,

154 3562 328 3611 Romanomm
345 3559 500 3626 pontificum,
527 3561 666 3610 inherendo
685 3561 807 3625 vestigiis,
834 3560 902 3610 beati
919 3560 993 3623 Petri,
1020 3554 1191 3624 'apostolorum
1218 3558 1352 3622 principis,
1379 3557 1564 3619 monasterium,
1593 3557 1631 3606 cui
1655 3556 1704 3606 deo
1726 3563 1829 3606 auctore

156 3649 279 3714 presides,
306 3649 375 3714 quod
392 3650 475 3714 utique
493 3648 560 3697 beati
578 3649 716 3713 Augustini,
743 3648 856 3698 doctoris
874 3648 978 3712 egregii,
998 3647 1121 3712 corporali
1139 3646 1266 3710 presentia
1283 3646 1425 3710 illustratur,
1452 3645 1575 3711 presentis
1594 3645 1678 3709 scripti
1696 3645 1829 3710 privilegio

156 3737 350 3788 communimus.
385 3737 525 3787 statuentes
543 3736 568 3803 b)
588 3737 669 3798 enim,
693 3741 719 3785 ut
737 3751 892 3801 quecumque
911 3736 979 3785 bona
997 3737 1029 3803 ο),
1048 3750 1203 3800 quecumque
1222 3737 1245 3800 ο)
1271 3734 1366 3799 predia,
1391 3734 1485 3784 urbana
1506 3734 1560 3783 sive
1577 3733 1676 3795 rustica,
1705 3734 1770 3783 culta
1788 3733 1829 3782 vel

155 3826 257 3888 inculta,
275 3841 432 3891 quecumque
450 3825 624 3890 possessiones
642 3825 667 3874 in
685 3825 759 3888 villis,
777 3824 854 3886 silvis,
872 3825 958 3888 pratis,
977 3823 1082 3884 colonis,
1107 3823 1186 3873 servis
1204 3829 1229 3872 et
1246 3822 1343 3872 ancillis
1369 3837 1412 3871 seu
1437 3821 1586 3883 aldionibus,
1605 3821 1631 3869 iu
1655 3821 1778 3884 ecclesiis,
1802 3821 1828 3870 in

155 3915 264 3964 decimis
291 3915 401 3966 omnium
427 3915 520 3981 ubique
545 3920 673 3979 terrarum,
700 3915 862 3976 rusticorum,
887 3912 1079 3962 donnicatornm
1103 3918 1128 3961 et
1155 3911 1318 3973 familiarum,
1347 3910 1399 3960 sive
1426 3909 1582 3974 pertinentiis
1601 3909 1634 3974 d),
1660 3908 1694 3957 ad
1720 3915 1828 3959 vestrum

155 4004 291 4054 cenobium
310 4004 475 4054 concessione
493 4002 647 4068 pontificum,
672 4003 808 4067 largicione
826 4018 913 4067 regum
931 4002 972 4051 vel
996 4001 1144 4066 principum,
1171 4000 1298 4051 oblatione
1324 3999 1435 4050 fidelium
1459 4013 1502 4047 seu
1525 3997 1580 4046 aliis
1603 3996 1672 4046 iustis
1696 3996 1779 4046 modis
1803 3998 1828 4046 in

154 4093 337 4158 presentiarum
362 4092 495 4156 pertinent,
522 4091 606 4141 autin
625 4091 738 4153 futurum,
761 4091 886 4155 largiente
904 4090 1017 4153 domino,
1047 4090 1115 4139 idem
1133 4091 1309 4139 monasterium
1333 4089 1398 4139 iuste
1420 4087 1527 4153 potuerit
1550 4086 1664 4150 adipisci,
1693 4084 1765 4134 firma
1783 4087 1828 4136 tibi

154 4182 254 4246 tuisque
276 4179 461 4230 successoribus
480 4185 505 4228 et
522 4179 617 4230 illibata
642 4186 812 4244 permaneant.
857 4165 893 4227 In
919 4164 1037 4245 quibus
1060 4164 1121 4225 hec
1144 4164 1285 4244 propriis
1310 4161 1462 4224 duximus
1490 4159 1705 4241 exprimenda
1732 4180 1826 4222 voca-

155 4254 259 4317 bulis:
289 4255 321 4316 in
344 4253 512 4317 Florentia
529 4251 557 4335 ⁹)
581 4253 685 4315 sancti
708 4253 793 4315 Petri
817 4253 998 4329 ecclesiam,
1029 4273 1092 4334 que
1123 4251 1240 4314 dicitur
1262 4251 1377 4315 Celum
1407 4270 1548 4325 aureum,
1580 4268 1655 4311 cum
1678 4249 1761 4311 casis
1785 4248 1827 4311 ad

155 4362 232 4406 eam
263 4342 512 4424 pertinentibus,
544 4343 577 4404 in
607 4342 761 4423 Lignaria
783 4342 955 4406 ecclesiam
987 4343 1089 4405 sancti
1114 4340 1250 4423 Angeli,
1284 4341 1316 4403 in
1349 4341 1493 4403 Martura
1523 4338 1695 4401 ecclesiam
1723 4339 1826 4400 sancti

153 4433 323 4495 Laurentii
347 4452 422 4495 cum
444 4432 510 4494 suis
533 4432 746 4512 pertinentiis,
771 4432 803 4494 in
827 4441 942 4495 sancto
959 4431 1102 4495 Genesio
1126 4430 1297 4493 ecclesiam
1320 4429 1422 4492 sancti
1447 4426 1641 4492 christofori
1665 4446 1739 4489 cum
1761 4427 1827 4489 suis

154 4522 432 4604 pertinentiis3'in
454 4520 622 4584 Parmensi
639 4517 667 4602 ³)
691 4521 884 4602 episcopatu
908 4521 1079 4583 ecclesiam
1102 4530 1215 4582 sancte
1240 4519 1342 4582 Marie
1366 4518 1407 4580 de
1428 4516 1534 4593 Curte,
1560 4517 1591 4579 in
1614 4514 1705 4597 Alpe
1728 4516 1827 4597 plana

155 4611 331 4675 ecclesiam
353 4611 456 4673 sancti
480 4610 565 4672 Petri
591 4629 664 4671 cum
688 4608 758 4672 aliis
782 4610 896 4673 decem
921 4610 1066 4672 ecclesiis
1089 4609 1131 4671 ad
1155 4609 1296 4671 eandem
1319 4608 1491 4671 ecclesiam
1514 4604 1768 4689 pertinentibus3
1793 4606 1825 4667 in

154 4701 347 4764 Placentino
363 4697 393 4782 4)
423 4699 616 4781 episcopatu
648 4699 820 4761 ecclesiam
850 4699 955 4762 sancti
980 4699 1110 4762 Martini
1136 4698 1177 4760 de
1207 4699 1348 4759 Ruxone
1378 4707 1411 4759 et
1438 4696 1610 4759 ecclesiam
1633 4695 1737 4756 sancti
1769 4694 1825 4757 Ze·

156 4791 253 4853 nonis
278 4788 320 4852 de
333 4786 513 4852 Vicobono
537 4797 570 4850 et
593 4787 765 4850 ecclesiam
788 4789 892 4851 sancti
913 4787 1088 4869 Stephani;
1112 4788 1144 4849 in
1164 4786 1368 4849 Terdonensi
1384 4783 1414 4869 ⁶)
1438 4786 1630 4866 episcopatu
1655 4783 1826 4845 ecclesiam

154 4880 260 4943 sancti
284 4877 462 4959 Augustini
486 4876 527 4939 de
551 4875 714 4956 casalae)
746 4886 778 4939 et
810 4877 981 4940 ecclesiam
1008 4887 1120 4940 sancte
1148 4877 1251 4939 Marie
1275 4876 1316 4938 de
1339 4875 1438 4939 Gravi
1461 4885 1562 4950 terra;
1593 4873 1625 4934 in
1648 4871 1782 4934 Astensi
1800 4870 1825 4956 6)

154 4970 350 5049 episcopatu
375 4968 549 5030 ecclesiam
570 4966 673 5028 sancti
697 4966 783 5028 Petri
807 4966 848 5028 de
872 4966 989 5043 Ovilia,
1013 4966 1184 5029 ecclesiam
1208 4975 1395 5027 sanctorum
1418 4962 1560 5044 Philippi
1590 4970 1623 5023 et
1649 4961 1761 5024 iacobi
1793 4970 1827 5024 et

154 5058 329 5121 ecclesiam
359 5057 463 5119 sancti
495 5055 594 5118 Blasii
625 5054 668 5117 de
699 5053 927 5136 Cavagnasco;
959 5056 993 5117 in
1016 5054 1215 5117 Vercellensi
1233 5053 1259 5137 i)
1292 5054 1485 5135 episcopatu
1518 5049 1690 5139 ecclesiam
1720 5051 1824 5113 sancti

153 5147 240 5210 Petri
267 5147 308 5209 de
331 5147 499 5227 Parzingo,
523 5144 696 5207 ecclesiam
719 5145 820 5206 sancti
845 5144 944 5207 Blasii
969 5143 1010 5206 de
1033 5145 1194 5219 Paouino;
1217 5144 1250 5204 in
1273 5142 1438 5205 Laudensi
1456 5140 1482 5218 ⁸)
1506 5141 1699 5221 episcopatu
1723 5140 1825 5203 eccle·
1868 5217 1872 5225 Ι

153 5237 237 5299 siam
261 5236 366 5299 sancti
389 5235 474 5300 Petri
499 5234 541 5296 de
564 5233 706 5296 Flumbo
730 5243 763 5295 et
786 5234 958 5296 ecclesiam
981 5233 1085 5296 sancti
1110 5231 1318 5309 Columbani3
1347 5233 1379 5294 in
1403 5230 1551 5295 Cumano
1573 5225 1599 5312 ⁹)
1631 5229 1825 5311 episcopatu

153 5326 329 5390 ecclesiam
351 5325 454 5388 sancti
477 5322 654 5405 Augustini
679 5321 721 5385 de
744 5321 857 5386 Calate
886 5332 919 5385 et
947 5322 1121 5386 ecclesiam
1142 5331 1255 5384 sancte
1279 5321 1382 5384 Marie
1410 5319 1452 5383 de
1474 5319 1645 5381 Plumasca
1667 5326 1701 5380 et
1724 5317 1824 5382 eccle·

154 5460 314 5470 ...—.---—-

314 5520 341 5584 a)
360 5518 507 5569 utibtatisl
573 5518 600 5585 b)
620 5516 752 5567 Statuimus
771 5516 805 5565 II
871 5518 896 5583 c)
906 5518 975 5582 fllrlt
991 5516 1047 5566 inl
1125 5515 1153 5579 d)
1170 5515 1273 5581 princiis
1291 5515 1324 5563 II
1394 5516 1419 5582 e)
1440 5513 1540 5564 Caselle
1559 5513 1596 5565 II.
1615 5555 1667 5564 ....
1685 5509 1723 5580 .1)
1747 5513 1825 5579 Vergl.

152 5590 190 5641 die
205 5589 290 5657 oonge
312 5589 435 5640 Urkande.
521 5591 547 5655 2)
567 5589 676 5639 Firma.
761 5590 788 5654 3)
810 5588 910 5639 Parma.
982 5593 1010 5656 4)
1032 5587 1154 5639 szcmaa.
1228 5589 1255 5653 ς)
1278 5586 1392 5638 Tariona.
1476 5586 1504 5653 6)
1522 5585 1583 5635 Asti.
1668 5587 1695 5647 7)
1719 5583 1825 5635 Vercelli.

152 5663 180 5732 8)
194 5662 265 5715 ὶοιίί.
338 5662 367 5728 9)
389 5661 468 5712 Conso.

204 5773 226 5802 v.
240 5758 532 5810 tileth-Hermon,
547 5757 606 5800 Aeta
618 5757 662 5799 111.
1583 5749 1615 5786 12
