3982 6194
1772 280 1832 356 187

158 462 190 521 in
208 456 349 522 Andezz
367 459 401 543 ¹),
426 471 459 523 et
475 460 602 536 Ottoni‚
627 462 738 524 comiti
756 463 798 524 de
814 461 1081 525 Wolfortliausen
1099 460 1133 544 ¹),
1156 474 1189 526 et
1205 465 1299 525 uxori
1322 485 1400 526 suae
1416 465 1544 526 Iusticie
1561 475 1593 527 et
1608 465 1831 537 Berchtoldus,

158 569 271 611 comes
295 549 339 612 de
362 549 507 624 Andezz,
531 562 564 613 et
588 571 671 613 uxor
694 552 761 614 eius
784 551 922 633 Sophya
945 551 1018 614 filiis
1042 555 1172 626 nostris,
1198 553 1398 633 apostolicae
1420 555 1549 634 graciae
1572 554 1831 629 benedicionem‚

157 638 317 720 predictis
340 638 494 701 fratribus
517 647 550 702 et
573 639 774 721 cappellanis
798 641 840 702 de
863 640 1007 714 Andezz,
1031 651 1098 703 tam
1122 643 1328 722 presentibus
1359 662 1457 723 quam
1488 643 1601 705 futuris
1632 643 1832 723 regularibus

156 727 433 791 subinstituendis
452 724 489 811 ἃ).
534 728 590 791 Ad
614 730 678 791 hoc
702 730 889 792 universalis
913 730 1048 792 ecclesie
1071 751 1147 792 cura
1171 731 1264 792 nobis
1288 732 1490 811 aprovisore
1507 733 1652 794 omnium
1669 732 1831 794 bonorum

157 817 221 879 deo
246 818 427 879 commissa
449 827 507 892 est,
539 830 574 881 ut
605 818 772 898 religiosas
796 839 952 900 personas
983 830 1015 881 ct
1046 839 1155 881 earum
1187 820 1359 901 diligamus
1390 820 1550 896 ecclesias,
1583 823 1769 883 mansiones
1799 832 1832 883 et

157 907 230 968 loca
261 916 313 981 et,
347 927 389 969 ne
419 906 594 969 bravorum
623 905 793 969 hominum
825 908 1093 970 infestacionibus
1124 929 1230 970 rerum
1258 930 1387 971 suarum
1419 910 1612 973 detrimenta
1642 912 1831 982 sustineant,

158 995 344 1075 apostolice
369 994 569 1058 defensionis
593 997 770 1058 munimine
792 994 842 1058 his
865 999 1018 1059 convenit
1042 998 1223 1079 providere.
1269 999 1462 1079 Eapropter,
1497 999 1606 1062 dilecti
1638 1001 1670 1061 in
1695 1000 1831 1061 domino

158 1084 222 1157 filii,
253 1086 373 1147 vestris
404 1086 496 1147 iustis
519 1086 800 1167 postulacionibus
830 1087 932 1149 indita
958 1087 1160 1167 benignitate
1185 1088 1374 1161 audivimus,
1398 1109 1468 1150 esse
1488 1087 1516 1170 b)
1547 1089 1655 1151 locum
1686 1099 1830 1150 montem

157 1173 304 1249 Andezz,
339 1175 395 1255 qui
427 1176 595 1254 quondam
619 1175 679 1237 fuit
710 1186 866 1250 castrum,
898 1176 988 1256 quod
1020 1175 1083 1237 deo
1118 1176 1314 1256 resignatum
1339 1186 1388 1238 est
1420 1178 1527 1256 primo
1551 1198 1570 1238 a
1593 1178 1749 1240 Hainrico
1774 1179 1830 1239 im·

157 1273 321 1344 peratore,
346 1264 401 1344 qui
426 1264 485 1325 fuit
508 1263 591 1326 filius
614 1264 777 1345 Leupoldi
802 1266 930 1326 comitis
955 1265 997 1326 de
1019 1263 1162 1339 Andezz,
1187 1265 1331 1327 secundo
1356 1286 1375 1326 a
1399 1265 1466 1327 filio
1490 1277 1601 1328 nostro
1625 1266 1830 1338 Perchtold0,

159 1353 280 1415 comite
305 1352 348 1416 de
371 1352 506 1415 Andezz
529 1363 562 1415 et
593 1353 745 1435 religioso
769 1354 838 1416 viro
869 1365 902 1416 et
934 1352 1020 1416 facto
1053 1354 1216 1416 monacho
1249 1357 1280 1415 in
1306 1356 1504 1417 monasterio
1536 1357 1638 1417 sancti
1662 1355 1829 1418 Lamberti

159 1443 187 1502 in
212 1438 325 1504 Secun
354 1441 513 1505 dioecesis
536 1442 791 1524 Salzpurgensis,
817 1443 926 1523 quiin
950 1445 1085 1524 propria
1108 1464 1249 1523 persona
1273 1464 1383 1505 coram
1408 1445 1504 1506 nobis
1528 1445 1591 1506 deo
1615 1444 1695 1507 haec
1720 1445 1831 1506 omnia

159 1532 335 1612 resignavit
359 1541 393 1594 et
414 1532 536 1594 sanctis
559 1533 626 1594 eius
650 1543 682 1594 et
705 1532 927 1613 principaliter
953 1533 1104 1613 precioso
1136 1533 1287 1594 thesauro
1311 1533 1461 1595 videlicet
1491 1544 1695 1596 sacramento
1727 1534 1828 1594 sancti

159 1619 305 1683 Grecorii
328 1640 418 1702 pape
441 1632 474 1683 et
498 1623 654 1702 precipue
677 1622 806 1696 sanctis,
832 1642 970 1702 quorum
993 1622 1044 1684 vel
1069 1641 1204 1702 quarum
1230 1622 1385 1702 reliquiae
1413 1622 1456 1683 ibi
1482 1622 1583 1685 latent
1615 1634 1647 1685 et
1670 1624 1830 1684 absconse

160 1719 231 1771 sunt
248 1706 274 1791 8)
298 1719 332 1771 et
356 1709 397 1771 ad
414 1710 522 1772 locum
539 1709 722 1792 predictum
738 1711 894 1773 translate
917 1721 992 1772 sunt
1016 1732 1035 1772 a
1057 1713 1257 1773 monasterio
1281 1712 1451 1773 salvatoris
1474 1722 1506 1774 et
1523 1711 1717 1774 fundacione
1741 1712 1830 1773 beati

160 1799 329 1874 RazzoniS,
353 1799 482 1862 comitis
506 1799 547 1862 de
569 1800 782 1881 Razzenberg
805 1801 858 1880 pie
883 1801 1047 1874 memorie,
1073 1820 1170 1880 quem
1202 1800 1309 1862 locum
1340 1801 1499 1862 destruxit
1521 1799 1688 1873 Arnolfus,
1712 1801 1830 1881 impius

161 1908 270 1949 comes
293 1888 458 1969 palatinus
482 1889 524 1951 de
543 1888 699 1970 Scheym,
724 1908 762 1950 ac
786 1889 894 1951 locum
918 1888 1107 1951 monialium
1132 1889 1173 1951 de
1190 1889 1412 1951 Weissencell.
1460 1890 1530 1951 Hec
1554 1890 1688 1970 reliquie
1712 1909 1830 1969 magne

160 1988 188 2038 et
212 1976 318 2039 multe
341 1998 456 2040 omnes
480 1978 582 2040 latent
606 1979 637 2040 in
662 1988 773 2040 monte
797 1976 941 2053 Andezz,
972 1998 1035 2058 que
1059 1979 1192 2059 reliquie
1216 1998 1276 2058 per
1299 1998 1413 2039 manus
1437 1977 1569 2040 fratrum
1595 1979 1636 2040 de
1661 1979 1734 2040 loco
1759 1998 1829 2059 pre·

161 2067 247 2128 <licto
272 2067 316 2128 ad
347 2077 487 2129 castrum
511 2066 646 2130 Andezz
678 2076 807 2149 portate
837 2078 918 2141 sunt,
951 2087 1032 2148 quas
1065 2067 1144 2129 deus
1168 2068 1319 2148 reliquias
1352 2068 1383 2128 in
1415 2068 1533 2129 eodem
1566 2066 1640 2129 loco
1672 2077 1830 2149 perpetue

159 2155 223 2216 vult
247 2155 381 2230 habere,
412 2157 502 2238 quod
526 2157 622 2218 nobis
646 2157 860 2218 certissimum
884 2167 933 2218 est
956 2177 1015 2237 per
1038 2155 1137 2218 filium
1171 2167 1317 2219 nostrum
1340 2157 1579 2229 Perchtoldum,
1602 2158 1757 2218 comitem
1789 2156 1830 2218 de

160 2244 304 2307 Andezz,
351 2244 435 2309 Cum
458 2245 560 2308 voluit
584 2246 702 2307 intrare
726 2246 957 2308 monasterium
974 2242 1081 2307 Secun
1098 2253 1131 2307 et
1151 2246 1341 2326 religionem
1358 2256 1434 2307 tunc
1451 2246 1582 2326 recepit,
1597 2265 1708 2307 secum
1724 2265 1829 2307 sacro·

158 2345 308 2396 sanctum
323 2344 563 2397 sacramentum
584 2335 684 2397 sancti
701 2335 846 2398 Grecorii
869 2355 957 2415 pape
980 2345 1013 2396 et
1029 2335 1108 2396 alias
1131 2335 1282 2415 reliquias
1307 2346 1339 2397 et
1361 2334 1464 2396 voluit
1487 2354 1542 2396 eas
1565 2344 1697 2415 portare
1719 2354 1830 2396 secum

158 2424 187 2484 in
212 2423 313 2487 Seiun
340 2434 478 2507 propter
507 2425 652 2486 divinum
682 2424 812 2497 cultum,
846 2424 924 2486 dum
947 2424 1163 2486 ascenderunt
1186 2444 1297 2504 equos,
1325 2443 1440 2486 omnes
1463 2424 1617 2485 incurvati
1650 2424 1725 2485 facti
1757 2432 1832 2485 sunt

158 2525 188 2576 et
210 2534 248 2575 se
272 2533 292 2575 a
315 2514 391 2576 loco
416 2533 481 2575 non
505 2523 682 2594 potuerunt
706 2533 846 2575 movere.
893 2513 1074 2575 Descendit
1106 2512 1147 2575 de
1171 2533 1257 2593 equo
1289 2533 1399 2576 comes
1422 2512 1635 2575 Perchtoldus
1666 2512 1831 2593 predictus

156 2615 188 2664 et
212 2604 347 2665 intravit
370 2603 529 2684 capellam
554 2612 586 2664 et
610 2602 838 2682 prosternebat
861 2622 896 2663 se
919 2622 1004 2681 genu
1029 2601 1193 2664 flectendo
1217 2622 1327 2663 coram
1357 2603 1458 2675 altari,
1490 2613 1524 2663 ut
1555 2601 1831 2664 demonstraretur

154 2693 226 2767 sibi,
252 2693 334 2773 quid
359 2703 444 2755 esset
466 2692 528 2753 sibi
553 2691 738 2753 faciendum
762 2701 795 2753 et
819 2692 898 2753 deus
921 2689 1087 2763 revelaret,
1111 2702 1146 2752 ut
1168 2692 1232 2753 hoc
1248 2702 1332 2753 esset
1349 2701 1481 2773 paratus
1502 2689 1537 2774 ⁰).
1583 2691 1831 2770 Iudicatumque

157 2781 216 2844 fuit
247 2782 320 2855 sibi,
355 2782 445 2862 quod
477 2781 557 2843 deus
579 2779 677 2843 vellet
706 2781 827 2842 habere
857 2779 921 2841 hoc
951 2791 1190 2842 sacramentum
1219 2791 1376 2861 perpetue
1407 2782 1439 2840 in
1464 2780 1582 2842 eodem
1613 2779 1696 2853 loc0,
1728 2780 1830 2842 etsie

155 2872 325 2951 predictus
349 2890 460 2933 comes
488 2869 671 2951 predictum
701 2880 940 2932 sacramentum
974 2869 1112 2931 divisum
1128 2867 1154 2953 ⁴)
1186 2879 1218 2931 et
1250 2869 1313 2931 deo
1341 2879 1374 2931 et
1405 2871 1525 2931 sanctis
1555 2870 1623 2931 eius
1655 2868 1756 2931 libere
1787 2869 1829 2930 ad

155 2960 298 3022 eandem
315 2959 500 3041 cappellam
516 2959 692 3039 resignavit
710 2970 743 3021 et
766 2968 924 3040 perpetue
947 2959 1125 3038 resignabit
1147 2969 1385 3020 sacramentum
1410 2968 1442 3020 et
1466 2958 1617 3038 reliquias
1633 2967 1830 3020 sanctorum.

155 3047 371 3111 Perchtoldus
402 3049 568 3129 predictus
599 3058 631 3110 et
661 3068 772 3109 comes
804 3048 845 3109 de
876 3046 1012 3109 Andezz
1043 3049 1154 3109 omnia
1185 3067 1243 3109 sua
1274 3049 1337 3109 deo
1371 3048 1544 3128 resignavit
1575 3054 1608 3109 et
1638 3046 1828 3128 religionem

156 3139 289 3200 intravit
313 3149 347 3200 et
370 3136 594 3218 principaliter
617 3147 762 3199 montem
786 3146 819 3198 et
843 3137 953 3198 omnia
976 3137 1252 3210 circumiacencia,
1278 3137 1440 3199 atinencia
1463 3137 1505 3198 ad
1521 3146 1667 3198 montem
1692 3146 1726 3197 et
1741 3136 1829 3198 here·

155 3228 275 3289 ditaria
298 3227 397 3298 bona,
420 3246 524 3307 agros,
549 3226 645 3307 ligna,
670 3246 792 3307 pascua
808 3236 840 3288 et
863 3236 964 3306 prata,
989 3225 1160 3306 piscariam
1186 3226 1227 3287 de
1251 3225 1331 3297 lacu,
1349 3226 1510 3287 decimam
1527 3225 1604 3296 eius,
1629 3225 1706 3305 quia
1723 3224 1829 3286 lacum

156 3316 294 3378 liberum
318 3316 494 3378 decimavit
517 3315 559 3377 ad
583 3315 745 3396 prefatum
770 3323 916 3376 montem
940 3314 1084 3389 Andezz,
1113 3315 1265 3389 iacencia,
1289 3315 1424 3395 gracias,
1455 3314 1633 3395 privilegia,
1665 3313 1830 3375 libertates

155 3405 295 3486 papales
307 3415 341 3467 et
353 3404 536 3487 imperiales
545 3404 587 3465 ad
597 3404 782 3484 cappellam
798 3404 980 3484 predictam
997 3414 1030 3465 et
1046 3403 1087 3465 ad
1104 3414 1296 3484 perpetuam
1313 3404 1452 3476 laudem,
1467 3403 1604 3484 gloriam
1621 3413 1654 3465 et
1670 3402 1829 3465 honorem

156 3495 208 3556 dei
234 3514 273 3556 ac
296 3504 493 3567 sanctorum,
518 3513 656 3573 quorum
679 3493 730 3555 vel
755 3512 889 3573 quarum
914 3492 1069 3573 reliquiae
1093 3493 1216 3554 ibidem
1240 3503 1322 3565 sunt,
1355 3492 1397 3553 ad
1420 3501 1612 3573 perpetuam
1637 3492 1830 3553 memoriam

156 3584 299 3645 nominis
323 3584 371 3645 sui
400 3593 433 3645 et
465 3601 687 3645 successorum
717 3601 865 3656 suorum,
898 3602 938 3643 ne
971 3583 1128 3643 memoria
1158 3601 1270 3643 eorum
1293 3582 1393 3643 vadat
1417 3602 1437 3642 a
1466 3581 1624 3643 memoria
1653 3580 1829 3642 hominum.

154 3674 197 3735 Et
222 3670 436 3735 Perchtoldus
460 3691 571 3733 comes
593 3672 759 3751 predictus
782 3671 825 3732 ad
857 3670 1041 3752 cappellam
1066 3669 1248 3752 predictam
1279 3682 1436 3751 perpetue
1468 3670 1631 3731 ordinavit
1662 3669 1830 3750 religiosas

155 3782 316 3843 personas
347 3761 389 3823 ad
420 3759 570 3841 reliquias
601 3760 778 3841 predictas,
811 3770 846 3822 ut
877 3759 1047 3840 perficiant
1079 3759 1123 3820 ibi
1156 3760 1301 3821 divinum
1332 3759 1453 3821 cultum
1484 3759 1605 3821 cotidie
1635 3758 1705 3820 sine
1729 3778 1829 3821 mora.

154 3852 228 3913 Nos
251 3851 350 3931 igitur
373 3850 480 3911 locum
504 3848 639 3911 Andezz
662 3858 695 3910 et
719 3849 833 3911 fratres
856 3848 1020 3929 predictos
1044 3849 1077 3909 in
1100 3848 1250 3929 predicto
1274 3848 1357 3922 loc0,
1382 3849 1414 3909 in
1440 3869 1506 3928 quo
1523 3847 1635 3909 divino
1651 3849 1828 3929 mancipati

154 3940 233 4002 estis
265 3939 444 4019 obsequio,
479 3938 539 4001 sub
571 3937 660 4000 beati
684 3939 768 4000 Petri
801 3948 834 3999 et
864 3949 975 3999 nostra
1007 3938 1213 4018 protectione
1236 3938 1430 4017 suscipimus
1461 3948 1494 3999 et
1524 3937 1684 4017 presentis
1716 3938 1827 4018 scripti

152 4025 327 4110 privilegio
351 4028 597 4090 communimus.
647 4026 842 4102 Statuentes,
867 4037 902 4088 ut
925 4027 1007 4088 ordo
1032 4027 1238 4100 monasticus,
1264 4027 1318 4106 qui
1342 4026 1520 4087 secundum
1545 4026 1633 4088 beati
1658 4026 1827 4088 Benedicti

153 4117 302 4198 regulam
333 4117 364 4178 in
395 4117 514 4178 eodem
547 4115 622 4178 loco
655 4117 696 4178 ad
728 4117 926 4196 peticionem
958 4115 1012 4177 filii
1045 4115 1145 4177 nostri
1175 4122 1209 4176 et
1240 4115 1362 4176 domini
1393 4114 1596 4188 Perchtoldi,
1629 4115 1757 4177 comitis
1787 4116 1829 4178 de

152 4206 301 4279 Andezz,
335 4215 368 4268 et
397 4205 537 4286 religiosi
560 4205 618 4266 viri
650 4205 772 4267 ordinis
802 4205 905 4267 sancti
929 4204 1098 4266 Benedicti
1124 4204 1287 4266 institutus
1317 4224 1387 4265 esse
1418 4205 1630 4277 concernitur,
1663 4206 1829 4285 perpetuis

152 4294 361 4376 temporibus
385 4295 498 4356 futuris
521 4293 643 4356 ibidem
668 4293 897 4357 inviolabiliter
928 4294 1125 4355 observetur.
1172 4291 1329 4368 Preterea,
1362 4313 1572 4373 quascunque
1595 4295 1828 4374 possessiones,

153 4404 372 4466 quaecunque
394 4383 483 4445 bona
506 4379 647 4466 eidem(!)
670 4381 778 4463 loco(!)
795 4383 837 4444 ad
853 4381 1037 4463 cappellam
1061 4382 1333 4463 inpresenciarum
1357 4383 1440 4444 iuste
1452 4392 1485 4444 et
1501 4382 1657 4444 canonice
1680 4383 1828 4463 possidet

153 4484 211 4535 aut
227 4474 262 4534 in
279 4472 419 4534 futurum
436 4472 649 4534 concessione
664 4472 866 4552 pontificum,
891 4472 1067 4550 largicione
1083 4490 1194 4552 regum
1211 4471 1262 4533 vel
1278 4471 1472 4551 principum,
1494 4470 1666 4533 oblacione
1682 4471 1826 4534 fidelium

153 4583 212 4624 seu
237 4561 308 4623 aliis
332 4562 422 4622 iustis
445 4561 552 4622 modis
576 4561 639 4622 deo
664 4561 813 4642 propicio
837 4561 958 4642 poterit
981 4560 1126 4640 adipisci,
1152 4559 1244 4620 firma
1266 4560 1362 4621 vobis
1384 4561 1562 4640 vestrisque
1585 4561 1826 4624 successoribus

153 4661 188 4712 et
213 4650 338 4712 illibata
369 4659 591 4731 permaneant,
621 4651 704 4711 sicut
735 4650 864 4712 illustris
894 4650 1071 4729 imperator
1100 4649 1284 4723 Hainricus,
1317 4648 1400 4710 filius
1423 4649 1595 4730 Leupoldi,
1626 4651 1754 4712 comitis
1785 4651 1826 4712 de

152 4740 302 4813 Andezz,
335 4739 485 4819 inceptor
506 4738 600 4800 huius
623 4738 712 4814 boni,
743 4749 776 4801 et
805 4739 888 4800 sicut
920 4739 1086 4818 predictus
1118 4757 1229 4799 comes
1252 4737 1465 4800 Perchtoldus
1496 4737 1578 4800 lilius
1608 4748 1719 4800 noster
1749 4749 1827 4819 post

154 4829 246 4890 illum
272 4828 442 4890 ordinavit.
488 4827 576 4889 Nulli
596 4825 625 4911 d)
648 4847 779 4889 suorum
801 4827 933 4889 fratrum
958 4827 1061 4889 eciam
1086 4827 1220 4888 istorum
1241 4824 1267 4910 ε)
1292 4827 1407 4901 fassit,
1430 4837 1507 4908 post
1523 4827 1643 4889 factam
1660 4828 1691 4888 in
1708 4829 1825 4890 eodem

152 4918 230 4979 loco
255 4916 390 4979 Andezz
421 4916 658 4997 professionem
690 4917 814 4997 absque
845 4916 974 4978 abbatis
1006 4915 1057 4978 vel
1090 4915 1224 4977 fratrum
1255 4916 1390 4977 licencia
1418 4915 1579 4997 proficisci
1603 4915 1653 4978 vel
1687 4917 1728 4978 ad
1753 4917 1827 4980 loca

152 5006 307 5083 transire;
341 5006 563 5067 discedentem
587 5026 664 5067 vero
689 5005 793 5067 nullus
809 5006 1040 5086 episcoporum
1055 5004 1106 5066 vel
1124 5004 1281 5066 abbatum
1297 5005 1460 5086 suscipere
1477 5004 1596 5066 audeat
1611 5005 1661 5067 vel
1679 5007 1824 5070 retinere.

153 5096 225 5157 Nos
250 5096 347 5177 igitur
373 5095 514 5176 presenti
548 5094 680 5157 decreto
713 5095 883 5169 sancimus,
915 5094 1126 5156 concedimus
1149 5103 1182 5155 et
1205 5093 1443 5168 confirmamus,
1473 5114 1588 5156 omnes
1617 5094 1769 5175 reliquias
1792 5107 1826 5159 et

316 5290 343 5351 a)
361 5290 409 5337 Am
428 5289 520 5348 Rande,
540 5288 573 5337 im
596 5288 666 5337 Texte
684 5288 910 5338 subinstituentibus
1001 5287 1027 5350 b)
1047 5302 1088 5334 ant
1107 5286 1201 5345 Raude,
1220 5286 1252 5334 im
1275 5287 1346 5336 Texte
1364 5294 1389 5336 et
1478 5291 1502 5345 cl
1523 5286 1579 5336 MS.
1599 5288 1689 5337 Anm..·
1706 5289 1824 5354 Legatur:

153 5359 273 5424 quidquid
294 5359 356 5409 deus
373 5361 496 5409 revelaret
515 5360 562 5409 sibi
581 5360 613 5408 ad
632 5360 681 5408 hoc
701 5367 766 5409 esset
784 5366 883 5425 paratus
990 5358 1017 5423 (l)
1038 5358 1095 5408 MS.
1112 5360 1199 5408 Am:
1221 5360 1249 5406 ln
1268 5358 1384 5423 originali
1403 5358 1457 5409 MS.
1476 5365 1516 5408 aut
1534 5365 1657 5409 vetustate
1676 5370 1824 5425 expunctum

153 5439 193 5480 aut
211 5447 242 5480 ex
262 5446 349 5480 errore
368 5433 486 5481 omissum
506 5447 536 5480 ex
555 5446 627 5480 sensu
647 5431 773 5495 colligitur
843 5435 869 5494 e)
887 5430 943 5480 MS.
961 5432 1051 5479 Ama:
1068 5428 1271 5493 Subintelligitur,
1291 5431 1332 5494 qui
1345 5437 1400 5479 actu
1419 5437 1548 5495 presentes
1565 5438 1620 5480 sont
1633 5438 1657 5481 et
1670 5432 1695 5486 S.
1710 5435 1824 5498 capellae

154 5510 279 5567 praesunt.
372 5514 407 5563 ,1)
431 5504 528 5566 Unfem
552 5502 688 5552 Miinchen.
779 5506 805 5566 2)
828 5503 977 5559 Oberbaiem,
995 5502 1067 5551 la-A.
1087 5501 1308 5561 Schrobmhausen,
1327 5502 1405 5552 B.-G.
1423 5502 1537 5552 Aickach.
1628 5508 1655 5568 3)
1676 5504 1731 5555 MS.
1749 5508 1823 5554 Anm.

155 5575 201 5624 liic
219 5589 341 5639 expresse
359 5574 516 5639 distinguitur
534 5575 597 5624 inter
616 5574 758 5624 thesaurum
777 5581 889 5639 apertum
908 5575 934 5624 S.
945 5573 1062 5638 Gregorii
1082 5579 1106 5621 et
1124 5573 1187 5622 inter
1205 5574 1345 5623 thesaurum
1365 5574 1446 5624 adhuc
1464 5575 1647 5626 absconditum.
1719 5580 1747 5639 4)
1766 5576 1823 5626 MS.

154 5649 239 5697 alm:
258 5647 376 5696 Divisum
394 5647 447 5696 sine
466 5646 541 5696 dubio
560 5645 697 5695 adhibitum
716 5646 758 5696 fuit
776 5647 808 5695 ad
828 5646 1017 5710 exprimendum
1035 5644 1161 5708 duplicem
1181 5643 1224 5694 SS.
1244 5646 1350 5696 bostiam
1369 5645 1395 5696 S.
1413 5646 1539 5712 Gregorii.

1560 5724 1617 5789 24¹

1875 5722 1940 5800 Α
