3982 6194
1810 299 1832 371 9

152 467 269 538 omnia
299 468 464 553 membra,
500 487 533 542 et
566 472 621 560 qui
651 495 753 542 unum
786 470 970 542 membrum
993 472 1100 542 leserit
1131 471 1183 540 vel
1214 477 1330 542 iuverit
1352 475 1461 542 ledere
1490 477 1543 540 vel
1574 478 1692 553 iuvare,
1724 487 1831 540 totum

153 584 276 646 corpus
298 565 472 630 videretur.
511 566 678 649 Quicquid
706 568 974 631 corroboratione
1004 567 1163 631 libertatis
1186 577 1220 630 et
1253 569 1454 631 auctoritatis
1488 567 1687 649 proibitione
1716 567 1833 630 beatus

153 654 344 718 Bamardus
375 665 410 718 et
438 651 572 738 Sergius
603 678 692 739 papa
711 653 739 740 ²)
771 666 804 721 et
836 658 934 720 ceteri
967 656 1172 721 edificatores
1203 658 1390 720 monasterii
1422 657 1521 738 digne
1552 666 1585 719 et
1608 655 1729 719 utiliter
1746 654 1775 737 b)
1798 658 1832 719 in

154 743 277 806 eodem
311 744 387 807 loco
421 755 612 822 statuerunt,
648 747 746 809 anulo
770 745 846 810 fidei
879 746 1198 809 corroborationisve
1232 747 1498 828 redintegramus.
1544 746 1589 808 Et
1618 747 1645 808 si
1680 746 1759 826 quid
1790 745 1832 808 ad

154 832 354 896 hutilitatem
377 834 460 910 loci,
492 835 583 916 quod
616 836 730 898 adesse
755 836 884 911 debeat,
916 835 1027 912 deluit,
1059 845 1171 898 nostra
1200 834 1384 916 apostolica
1411 855 1546 898 censura
1568 836 1758 917 supradicto
1783 855 1832 922 ce-

154 922 262 986 nobio
292 943 405 986 coram
435 924 588 1006 synodali
620 934 784 988 conventu
814 926 846 987 in
877 945 971 988 sacro
1001 924 1125 1008 palatio
1155 925 1367 988 Lateranensi
1401 926 1646 988 auctorizamus.
1693 920 1728 987 Si
1760 925 1833 1006 quis

154 1033 236 1075 vero
260 1011 452 1076 clericorum
475 1014 698 1095 laicorumque
730 1014 762 1076 in
795 1024 868 1077 tota
899 1013 1079 1078 hereditate
1110 1014 1209 1096 ipsius
1240 1014 1304 1077 loci
1335 1014 1455 1077 malam
1486 1014 1530 1077 ibi
1561 1013 1832 1076 consuetudinem

155 1102 289 1165 obtinet
317 1102 369 1165 vel
401 1102 557 1185 deinceps
579 1104 770 1178 obtinuerit,
801 1103 862 1166 nisi
893 1103 1078 1167 voluntario
1109 1102 1203 1166 libitu
1234 1104 1365 1166 abbatis
1395 1114 1428 1167 et
1459 1105 1528 1166 eius
1559 1104 1832 1185 congregationis,

155 1191 248 1266 sciat,
271 1210 309 1253 se
332 1211 353 1254 a
382 1190 493 1278 celesti
517 1192 722 1256 Hierusalem
745 1203 934 1275 separatum
956 1202 990 1257 et
1019 1193 1113 1280 penis
1143 1192 1354 1256 infernalibus
1386 1193 1550 1256 insolubili
1581 1213 1667 1255 nexu
1696 1193 1834 1255 carceris

155 1280 354 1343 innodatum
370 1290 404 1344 et
426 1301 502 1345 cum
524 1281 846 1364 blasphematoribus
870 1282 922 1345 dei
946 1302 981 1345 se
997 1283 1099 1345 teneri
1121 1285 1276 1358 iunctum,
1301 1302 1468 1364 nunquam
1484 1280 1611 1369 celestis
1634 1281 1834 1356 hereditatis,

155 1370 219 1433 nisi
243 1370 422 1452 resipuerit,
446 1371 650 1453 participem.
681 1370 716 1435 Si
742 1371 814 1453 quis
828 1379 947 1435 autem
970 1371 1080 1435 locum
1096 1372 1204 1453 ipsum
1227 1371 1386 1434 adiuverit
1402 1383 1436 1435 et
1456 1370 1558 1434 malas
1581 1371 1834 1434 consuetudines

155 1459 235 1522 inde
259 1459 481 1536 eradicaverit,
511 1460 743 1525 benedictione
774 1460 957 1544 apostolica
989 1480 1125 1543 regnum
1156 1460 1299 1547 celorum
1331 1456 1512 1546 cons[equi]
1537 1471 1712 1536 mereatur,
1744 1460 1834 1523 adiu·

155 1559 256 1612 vante
287 1549 400 1630 regina
430 1548 591 1636 cplorum,
621 1550 654 1612 in
678 1550 768 1613 cuius
798 1550 1011 1632 religiositate
1034 1549 1168 1613 honoris
1192 1560 1323 1613 notatus
1356 1551 1445 1614 locus
1468 1560 1607 1614 statutus
1637 1549 1778 1612 habetur
1801 1558 1835 1612 et

155 1638 258 1701 beato
282 1637 390 1714 Petro,
422 1638 565 1721 paradisi
588 1639 769 1721 clavigero,
801 1640 861 1703 sub
885 1640 976 1703 cuius
999 1640 1177 1703 munimine
1200 1639 1350 1703 subditus
1373 1639 1476 1703 tutela
1498 1639 1663 1703 servitutis
1686 1638 1834 1702 habetur.

156 1725 192 1790 Si
216 1727 298 1809 quid
330 1727 428 1809 igitur
456 1728 674 1791 anathematis
704 1748 862 1811 umquam
892 1729 1052 1806 sustinuit,
1084 1728 1291 1792 absolutione
1322 1729 1374 1792 dei
1398 1729 1637 1811 omnipotentis
1667 1735 1700 1791 et
1730 1728 1833 1791 sancti

155 1815 242 1880 Petri
275 1825 309 1879 et
339 1826 452 1880 nostro
483 1818 668 1900 apostolico
699 1819 873 1882 commissu
904 1819 1073 1882 absolutus
1110 1838 1209 1900 supra
1237 1828 1436 1882 memoratus
1471 1818 1562 1882 locus
1591 1815 1835 1880 Ambroniacus

156 1924 232 1968 cum
261 1905 418 1969 omnibus
440 1906 644 1989 appendiciis
670 1917 705 1970 et
725 1905 967 1972 habitatoribus
990 1908 1064 1983 suis,
1096 1907 1186 1970 omni
1216 1907 1394 1971 sterelitate
1424 1907 1624 1990 peccaminis
1657 1907 1834 1983 subtracta,

156 1995 384 2059 smctuositate
412 1995 653 2060 benedictionis
684 2006 718 2059 et
752 1995 982 2084 habundancie
1015 1996 1136 2080 perfrui
1171 2006 1332 2060 mereatur
1367 1998 1429 2061 sub
1463 1997 1648 2061 redditione
1683 2017 1800 2060 census
1827 1997 1831 2080 l

155 2084 297 2148 duarum
319 2084 476 2148 librarum
499 2105 572 2174 cere
596 2087 772 2167 quotannis
795 2105 886 2150 more
909 2086 1164 2150 constitutionis.

320 2259 362 2344 -Ι-
378 2264 456 2327 Dat.
472 2277 498 2328 11
520 2263 574 2327 Kl.
598 2262 719 2340 Maias,
754 2283 814 2346 per
844 2284 960 2327 manus
992 2264 1096 2340 Petri,
1132 2263 1278 2340 diaconi,
1312 2264 1554 2328 bibliothecarii
1585 2273 1619 2328 et
1650 2264 1833 2329 cancellarii

155 2361 269 2439 sanctq
293 2352 477 2440 apostolice
498 2353 595 2417 sedis.
639 2353 741 2417 Anno
765 2353 878 2416 domni
901 2354 1023 2418 Leonis
1046 2353 1123 2416 noni
1147 2354 1259 2417 PaPae
1274 2368 1308 2417 11.
1354 2354 1537 2417 Indictione
1553 2369 1600 2417 111.
1617 2390 1661 2401 -

322 2466 365 2516 Or.
385 2466 412 2517 ire
429 2467 474 2517 den
491 2467 607 2518 Areiiues
626 2465 850 2535 De‘partemerqtales
867 2467 895 2517 de
912 2467 981 2516 l'Ain
998 2484 1028 2516 su
1046 2467 1137 2535 Bourg.

321 2538 392 2605 Perg.
409 2539 445 2589 dr.
464 2539 551 2599 0,368,
568 2540 630 2605 lang
645 2541 730 2599 0,506,
748 2547 822 2590 ηκτοι
840 2538 909 2588 reihe
923 2539 1112 2606 umgesclelagere,
1139 2539 1205 2589 weil
1219 2538 1297 2588 duret
1315 2538 1372 2588 sauci
1390 2539 1483 2589 delrer
1499 2539 1571 2589 ruben
1588 2539 1705 2590 einander
1717 2541 1781 2607 gurg
1796 2541 1834 2590 ein

159 2609 376 2676 Pergamenae,
397 2626 483 2660 movere
507 2609 568 2659 noct
590 2611 629 2660 ein
647 2610 780 2660 Stiickcien
802 2611 829 2659 ire
852 2610 927 2660 einem
948 2611 1026 2661 loebe
1049 2611 1127 2660 steekt.
1164 2611 1272 2676 Fallung
1289 2611 1334 2660 der
1350 2610 1434 2677 Leinge
1458 2611 1522 2660 nach
1545 2612 1603 2661 aurei
1618 2614 1681 2672 nial,
1706 2613 1775 2661 daun
1793 2613 1836 2662 der

157 2681 239 2746 Srrep‘
250 2681 364 2733 dm‘mal.
399 2682 449 2732 Die
466 2680 604 2732 Nominatrir
627 2683 683 2731 wid
706 2683 744 2731 die
766 2683 863 2732 Namen
885 2683 930 2732 der
952 2690 1028 2732 ersten
1047 2682 1109 2732 Zeile
1134 2682 1209 2748 tergm
1227 2681 1374 2748 Majuskeln.
1412 2682 1461 2732 Die
1479 2682 1574 2748 Selinst
1597 2684 1638 2732 des
1654 2684 1836 2748 Haeeptk'o‘rpers

157 2753 188 2803 ist
203 2759 364 2820 vergve'sserte
378 2753 523 2819 srdukirehe
540 2753 770 2819 &telier-Spaniam
792 2755 830 2804 die
852 2757 960 2804 verletru
978 2754 1040 2804 Zeile
1056 2755 1088 2805 iet
1104 2770 1155 2803 mer
1170 2771 1201 2803 eu
1218 2755 1276 2803 rwei
1292 2753 1443 2813 Drr‘trheilen,
1467 2755 1505 2803 die
1527 2756 1591 2805 letare
1613 2772 1664 2805 mer
1685 2772 1731 2804 seer
1747 2755 1837 2821 Hd'lste

152 2825 253 2892 gesullt,
272 2825 320 2876 den
337 2825 411 2893 iibrig
421 2827 560 2892 gela-rreum
577 2827 659 2874 Reum
677 2825 777 2875 recimere
795 2827 858 2875 nora
876 2825 932 2874 und
947 2824 1117 2893 Monograrrmr
1134 2826 1180 2877 rire.
1216 2825 1313 2875 Ersiere
1330 2826 1378 2876 Nr.
1399 2827 1479 2886 4Ak,
1505 2826 1564 2875 doeh
1582 2827 1609 2875 ire
1627 2827 1670 2876 der
1686 2829 1764 2876 Raule
1782 2827 1838 2876 und

156 2897 182 2946 in
205 2897 253 2946 ders
276 2896 529 2964 Amerbreitmerrgm
552 2897 619 2946 reicit
639 2897 785 2964 aresgefr'illt,
811 2897 987 2947 Drerchmesser
1010 2899 1079 2960 0,08,
1107 2898 1175 2963 ll’r'ng
1196 2913 1248 2946 nur
1264 2898 1361 2958 o,007,·
1384 2897 1450 2946 dicht
1472 2897 1549 2948 reclus
1572 2898 1676 2948 dareeben
1702 2899 1748 2948 das
1765 2899 1834 2949 Mon.

156 2969 192 3020 dr.
210 2969 299 3029 ΟΜ,
317 2969 378 3018 hoelr
395 2971 466 3029 opo,
483 2968 633 3036 doppellimg,
652 2969 686 3017 im
704 2969 730 3018 B
744 2969 800 3017 und
814 2969 862 3018 den
878 2971 1032 3034 Aeesld'usern
1048 2968 1137 3035 einiger
1152 2969 1246 3018 Balkert
1263 2975 1336 3018 dwar
1352 2969 1457 3022 umisa.
1494 2969 1601 3018 Idrmma
1618 2971 1666 3020 Nr.
1685 2970 1710 3030 5,
1728 2971 1768 3019 die
1784 2970 1838 3019 drei

156 3040 396 3108 Keilkrr‘immngen
411 3040 482 3091 lee'eht
497 3040 561 3090 nael·
577 3040 641 3090 Ir'rrks
657 3040 768 3090 werhnrd.
805 3040 853 3091 Die
870 3041 923 3090 drer'
938 3040 1039 3091 Zeicherr
1048 3041 1136 3105 fiillen
1154 3042 1240 3101 0,195,
1259 3041 1304 3089 das
1321 3040 1427 3089 Komma
1444 3039 1505 3090 steht
1522 3042 1601 3101 0,oro
1617 3056 1665 3090 vore
1682 3043 1727 3091 der
1742 3042 1836 3092 rechten

157 3112 247 3162 Kerete.
283 3113 333 3163 Die
358 3112 489 3179 Datimng
510 3112 577 3162 meist
601 3112 640 3162 die
658 3111 817 3162 limes-Zeile
840 3113 894 3177 ares.
930 3112 968 3162 Es
989 3113 1021 3162 ist
1044 3113 1097 3178 aus
1110 3111 1197 3162 Linierr
1218 3112 1373 3179 gesclm'eben,
1399 3112 1436 3161 die
1458 3113 1494 3161 bis
1515 3129 1560 3162 ner
1582 3115 1663 3162 letaterr
1686 3113 1837 3162 Datumseile

153 3183 239 3250 gehen,
257 3184 319 3234 doeh
336 3184 368 3234 ist
384 3184 422 3233 die
438 3184 568 3249 Datinerrg
586 3183 692 3233 n'enrlieh
715 3183 776 3233 ohne
792 3183 924 3233 ll’ie'ckricht
939 3185 993 3249 auf
1004 3185 1117 3234 dieselhen
1141 3183 1296 3251 eingetragere.
1318 3212 1349 3221 —
1370 3183 1469 3232 Smwhl
1488 3184 1627 3244 inhaltlich,
1654 3185 1699 3234 uie
1721 3184 1784 3233 aeccle
1802 3185 1834 3232 im

155 3258 288 3305 Aeusseren
305 3256 373 3305 weist
395 3255 432 3306 die
452 3255 569 3305 Urkunde
591 3254 705 3305 muncler
725 3254 923 3322 Urrgew'dhnlielre
939 3257 994 3321 αφ’,
1019 3255 1078 3304 doch
1096 3272 1163 3322 wege
1184 3254 1222 3304 ieie
1246 3254 1319 3316 nieht,
1344 3255 1376 3305 sie
1400 3257 1438 3304 als
1455 3255 1649 3322 Scieinorr'ginal
1670 3273 1699 3305 ree
1716 3256 1834 3316 erklei'rerr,

155 3327 217 3377 oleru
233 3328 272 3377 die
293 3326 420 3393 Urscdrr'st
434 3327 575 3377 metermeht
591 3344 620 3377 eu
638 3326 720 3377 haim.

914 3610 981 3686 Nr.
1015 3614 1074 3686 10.

156 3745 323 3811 Mleolaus
345 3744 390 3810 II
411 3744 564 3830 bestdte'gt
588 3743 662 3808 dem
681 3743 761 3808 Abte
787 3742 920 3806 Pontius
945 3763 1006 3806 von
1029 3740 1223 3825 Se-Aignan
1241 3740 1274 3805 a”
1281 3739 1418 3806 Orle'ans
1442 3741 1497 3806 die
1512 3743 1750 3809 Besr'tztlrie'mer
1769 3745 1839 3810 und

795 3831 913 3896 Rechte
926 3833 1029 3896 seines
1046 3829 1200 3897 Klosters.

818 3951 900 4012 1061
916 3947 993 4011 Mai
1005 3949 1036 4011 4.
1084 3946 1175 4011 Rom.

321 4086 479 4150 Nicolaus
489 4085 673 4168 episcopus,
686 4103 798 4147 servus
809 4102 976 4146 servorum
988 4082 1050 4158 dei,
1067 4083 1278 4146 dilectissimo
1291 4083 1358 4147 filio
1367 4083 1500 4159 Ponci0‚
1514 4082 1628 4147 abbati
1640 4084 1835 4147 venerabilis

159 4177 351 4241 monasterii
374 4175 582 4249 Anianensis,
614 4173 704 4255 quod
736 4181 786 4235 est
815 4171 986 4235 fundatum
1009 4182 1109 4253 atque
1132 4183 1294 4236 sacratum
1317 4173 1350 4236 in
1374 4173 1500 4235 honore
1530 4173 1632 4236 sancti
1656 4172 1835 4236 Salvatoris

160 4267 286 4329 domini
311 4266 413 4329 nostri
436 4265 508 4329 Iesu
532 4262 650 4328 Christi
674 4282 713 4325 ac
735 4270 915 4344 perpetuae
938 4260 991 4324 dei
1014 4262 1179 4342 genitricis
1202 4282 1333 4344 semper
1354 4263 1487 4344 virginis
1511 4262 1635 4325 Mariae
1665 4264 1835 4344 sanctique

160 4355 333 4418 Michaelis
357 4375 417 4418 nec
441 4374 506 4418 non
530 4351 662 4436 gloriosi
678 4351 775 4428 Petri,
800 4350 1026 4432 apostolorum
1048 4351 1213 4433 principis,
1238 4372 1294 4414 seu
1318 4351 1456 4414 aliorum
1480 4362 1677 4426 sanctorum,
1701 4352 1835 4433 eiusque

159 4445 404 4509 successoribus
426 4444 565 4507 salutem
590 4452 624 4505 et
645 4438 864 4522 apostolicam
886 4439 1160 4504 benedictionem.
1208 4438 1370 4504 Convenit
1393 4440 1578 4522 apostolico
1610 4440 1834 4517 moderamini,

160 4535 217 4617 pia
240 4534 399 4617 religione
421 4532 621 4615 pollentibus
644 4529 799 4594 benivola
814 4529 971 4592 charitate
986 4549 1171 4593 succurrere
1190 4540 1223 4593 et
1238 4529 1445 4611 poscentium
1460 4529 1546 4592 votis
1561 4527 1654 4610 pium
1669 4529 1836 4610 impertire

159 4644 340 4699 assensum,
363 4623 440 4704 quia
454 4621 543 4705 apud
559 4619 765 4685 conditorem
781 4618 927 4682 omnium
943 4618 1040 4681 nobis
1063 4619 1271 4701 potissimum
1293 4620 1462 4700 reponitur
1483 4618 1674 4700 praemium,
1697 4619 1723 4681 si
1739 4639 1834 4681 vene·

160 4713 277 4777 rabilia
293 4713 376 4789 loca,
393 4712 618 4794 religiosorum
633 4709 776 4772 virorum
793 4707 970 4771 devotione
987 4718 1180 4784 constructa,
1203 4718 1316 4771 nostra
1331 4707 1513 4789 apostolica
1528 4707 1701 4770 autoritate
1718 4707 1837 4770 luerint

160 4803 377 4867 corroborata
406 4812 505 4882 atque
534 4801 577 4863 ad
608 4797 776 4862 meliorem
809 4806 929 4860 statum
959 4796 1126 4879 perducta.
1179 4797 1288 4879 igitur,
1328 4797 1405 4878 quia
1439 4806 1495 4860 tua
1526 4796 1657 4859 dilectio
1689 4808 1835 4860 nostram

159 4893 354 4975 suppliciter
376 4890 565 4973 expostulat
588 4888 804 4962 clementiam,
836 4894 996 4967 quatenus
1026 4886 1210 4968 apostolico
1234 4885 1405 4969 privilegio
1429 4883 1648 4949 concedamus
1671 4896 1705 4949 et
1728 4906 1834 4948 corro-

159 4983 317 5046 boremus
347 4980 407 5043 tibi
435 4980 565 5061 tuisque
593 4975 836 5041 successoribus
865 4975 1100 5038 monasterium
1122 4975 1312 5039 Anianense
1343 4975 1522 5038 secundum
1552 4984 1700 5037 tenorem
1736 4986 1835 5057 atque

160 5070 429 5154 astipulationem
453 5068 569 5151 regalis
592 5065 762 5149 privilegii,
795 5063 886 5144 quod
913 5063 1022 5127 eidem
1044 5064 1120 5127 loco
1144 5065 1320 5128 clementer
1343 5065 1522 5128 dinoscitur
1552 5063 1650 5127 fuisse
1674 5065 1835 5127 indultum

161 5181 184 5222 a
211 5161 288 5243 piae
318 5159 496 5222 memoriae
518 5157 654 5233 Karolo,
685 5156 887 5217 Francorum
918 5173 994 5235 rege
1020 5154 1311 5236 Romanorumque
1342 5155 1484 5236 patritio
1515 5163 1548 5216 et
1567 5155 1597 5232 c)
1621 5173 1641 5216 a
1663 5153 1835 5217 Ludovico

161 5250 271 5325 etiam,
300 5248 385 5312 illius
407 5246 484 5323 filio,
514 5256 590 5310 tuae
614 5241 805 5308 fraternitati
830 5262 873 5305 ex
896 5243 1006 5305 animo
1030 5242 1185 5318 faventes,
1218 5243 1374 5324 quicquid
1404 5242 1521 5325 regalis
1549 5243 1771 5306 munificentia
1802 5243 1834 5305 in

160 5337 427 5421 possessionibus
467 5348 689 5415 terrarumque
723 5331 898 5408 reditibus,
941 5331 1046 5406 silvis,
1081 5332 1227 5414 pascuis,
1262 5333 1356 5395 cultis
1390 5342 1424 5396 et
1457 5332 1601 5409 incultis,
1637 5352 1835 5414 aquarumve

161 5428 362 5502 decursibus,
387 5426 518 5489 marinis
540 5423 691 5507 stagneis,
716 5420 955 5502 fluviorumque
975 5421 1222 5502 piscationibus,
1246 5420 1455 5484 ecclesiarum
1471 5441 1546 5484 cum
1565 5423 1630 5485 suis
1646 5421 1836 5484 adiacentiis

162 5515 436 5600 delegationibus,
467 5515 681 5598 ingenuorum
704 5529 872 5574 servorum
901 5529 958 5573 seu
990 5509 1144 5573 colonum
1177 5512 1419 5593 propagatione
1451 5521 1550 5591 atque
1582 5511 1725 5574 incolatu
1756 5510 1834 5571 olim

324 5710 350 5776 a)
368 5705 480 5759 dahr'nter
496 5712 580 5760 Rasur
650 5710 678 5779 b)
695 5722 741 5755 vor
756 5720 771 5756 u
789 5703 821 5754 ist
837 5701 875 5754 ein
892 5704 908 5753 h
926 5704 1057 5770 wegradirt
1127 5707 1152 5772 c)
1171 5704 1265 5754 nuria
1285 5704 1314 5753 B.

216 5819 236 5848 v.
249 5805 540 5858 strage-neruosa,
555 5807 612 5848 Aeta
626 5806 668 5846 ΙΙΙ.
1610 5794 1625 5830 ²
