3982 6194
1768 318 1826 381 115

906 484 971 558 Nr.
1000 488 1086 560 110.

168 609 273 691 Eugen
290 606 360 672 III
368 607 487 670 nimmt
505 605 568 670 das
585 603 715 670 Kloster
736 605 906 669 Frccecclzio
929 605 988 689 (D.
1006 608 1125 691 Lucca)
1149 604 1183 669 in
1206 605 1435 690 apostoliscleeu
1455 607 1573 672 Schuta
1594 610 1664 674 und
1682 611 1832 696 bestc'itigt

656 691 741 759 serite
764 694 1000 760 Besitztaumer
1020 696 1089 759 und
1108 695 1228 759 Rechte
1245 698 1284 777 ¹).

804 813 891 874 1152
905 811 992 887 Jum'
1004 814 1035 874 4.
1080 810 1188 894 Segni.

321 931 487 1012 Eugenius
503 929 687 1011 episcopus,
703 948 814 991 servus
829 947 995 990 servorum
1012 927 1073 1004 dei,
1091 927 1211 991 dilecto
1227 927 1294 990 filio
1310 927 1452 1014 Andree,
1469 928 1582 993 abbati
1598 931 1794 995 Ficeclensis
1806 928 1830 1016 ²)

162 1020 361 1094 monasterii,
392 1020 525 1100 eiusque
556 1017 715 1092 fratribus,
739 1027 809 1079 tam
831 1017 1037 1099 presentibus
1061 1038 1160 1099 quam
1184 1017 1305 1092 futuris,
1336 1017 1515 1099 regularem
1538 1020 1638 1082 vitarn
1666 1021 1829 1103 professis,

160 1110 191 1170 in
215 1118 423 1190 perpetuum.
469 1108 635 1189 Quoniam
659 1108 728 1169 sine
750 1127 826 1191 vere
849 1108 936 1169 cultu
960 1107 1125 1188 religionis
1148 1127 1208 1169 nec
1232 1107 1374 1169 caritatis
1398 1108 1503 1170 unitas
1522 1119 1633 1188 potest
1656 1110 1831 1173 subsistere

159 1218 220 1260 nec
243 1198 309 1259 deo
334 1208 462 1278 gratum
493 1196 640 1259 exhiberi
672 1197 846 1272 servitium,
879 1196 1015 1277 expedit
1046 1195 1227 1281 apostolice
1252 1197 1446 1272 auctoritati,
1476 1197 1643 1278 religiosas
1673 1219 1831 1281 personas

159 1287 294 1368 diligere
329 1296 362 1349 et
385 1288 536 1368 religiosa
559 1286 646 1361 loca,
675 1287 826 1361 maxime,
859 1304 922 1371 que
946 1284 1033 1348 beati
1057 1286 1142 1348 Petri
1165 1285 1241 1347 iuris
1270 1295 1345 1347 sunt
1377 1295 1410 1347 et
1433 1286 1475 1347 ad
1498 1306 1623 1349 sacram
1646 1289 1831 1351 Romanam

157 1376 346 1458 specialiter
368 1385 519 1457 spectant
541 1375 721 1450 ecclesiam,
748 1374 836 1438 sedis
858 1375 1039 1461 apostolice
1063 1374 1241 1436 munimine
1264 1373 1446 1436 consovere.
1491 1376 1640 1451 Proinde,
1665 1378 1773 1440 dilecti
1797 1379 1831 1440 in

158 1465 297 1527 domino
322 1464 388 1540 lilii,
420 1465 535 1528 vestris
565 1465 657 1528 iustis
686 1464 961 1545 postulationibus
992 1463 1170 1526 clementer
1191 1463 1370 1538 annuimus,
1402 1473 1436 1525 et
1465 1466 1698 1528 monasterium
1727 1467 1830 1529 sancti

158 1554 349 1629 Salvatoris,
382 1555 415 1615 in
439 1574 505 1635 quo
529 1554 641 1616 divino
665 1554 842 1635 mancipati
865 1554 942 1615 estis
966 1553 1136 1634 obsequio,
1168 1551 1228 1615 sub
1257 1552 1403 1614 eiusdem
1427 1553 1652 1634 apostolorum
1674 1556 1831 1638 principis

157 1654 191 1706 et
214 1652 329 1705 nostra
344 1644 550 1724 protectione
573 1644 766 1724 suscipimus
789 1652 822 1705 et
844 1643 1002 1728 presentis
1018 1643 1129 1723 scripti
1145 1641 1316 1723 privilegio
1337 1644 1586 1706 communimus.
1633 1642 1830 1720 Statuentes,

157 1742 193 1794 ut
217 1752 443 1813 quascumque
466 1733 699 1814 possessiones,
724 1751 928 1817 quecumque
952 1732 1041 1794 bona
1065 1731 1152 1793 idem
1176 1731 1409 1793 monasterium
1432 1732 1464 1794 in
1488 1734 1724 1813 presentiarum
1748 1735 1831 1797 iuste

157 1831 191 1884 et
213 1821 375 1883 canonice
399 1822 554 1904 possidet,
578 1831 634 1883 aut
657 1821 689 1883 in
712 1820 854 1883 suturum
878 1821 1090 1883 concessione
1113 1819 1316 1902 pontificum,
1341 1821 1512 1901 largitione
1535 1842 1648 1903 regum
1670 1823 1721 1885 vel
1745 1824 1830 1904 prin-

158 1911 280 1992 cipum,
315 1910 484 1973 oblatione
515 1910 657 1972 fidelium
686 1930 741 1972 seu
772 1910 843 1972 aliis
874 1910 964 1972 iustis
995 1910 1102 1971 modis
1133 1910 1196 1972 deo
1226 1909 1372 1990 propitio
1402 1911 1524 1991 poterit
1553 1912 1707 1993 adipisci,
1739 1912 1832 1975 firma

156 2000 254 2061 vobis
277 2000 459 2081 vestrisque
483 2000 722 2063 successoribus
746 2007 778 2061 et
801 1999 926 2062 illibata
948 2009 1171 2080 permaneant.
1216 1999 1253 2061 In
1277 1998 1396 2079 quibus
1425 1998 1486 2085 hec
1514 2002 1655 2082 propriis
1679 2000 1832 2064 duximus

158 2090 377 2170 exprimenda
398 2089 582 2151 vocabulis:
616 2088 848 2169 baptismalem
865 2088 1034 2151 ecclesiam
1050 2088 1138 2150 beati
1154 2088 1308 2150 Iohannis
1324 2088 1522 2176 evangeliste
1538 2110 1611 2152 curn
1627 2091 1832 2172 pertinentiis

157 2179 233 2251 suis,
258 2177 421 2259 capellam
446 2179 487 2240 de
510 2176 657 2253 Catiano,
681 2178 843 2258 capellam
867 2178 908 2240 de
932 2176 1104 2253 Conflenti‚
1128 2177 1288 2258 capellam
1312 2178 1353 2239 de
1376 2178 1518 2240 Petriolo
1543 2188 1576 2241 et
1598 2181 1832 2243 monasterium

158 2268 201 2329 de
225 2266 417 2348 Cappiano;
441 2277 589 2348 preterea
611 2267 821 2330 concordiam
837 2267 906 2329 sive
921 2267 1188 2329 constitutionem
1212 2267 1295 2328 inter
1317 2276 1539 2330 antecessores
1560 2279 1687 2332 vestros
1709 2280 1742 2332 et
1764 2270 1831 2351 ple·

156 2356 283 2419 banum
307 2357 411 2418 sancti
428 2356 558 2419 Genesii
575 2376 673 2437 snper
688 2355 825 2419 ecclesia
842 2356 883 2418 de
900 2356 1122 2436 Grimagneto,
1147 2377 1166 2417 a
1182 2354 1412 2440 predecessore
1428 2367 1540 2419 nostro
1557 2358 1659 2421 felicis
1675 2360 1832 2422 memorie

156 2465 247 2528 pape
263 2444 395 2509 Calixto
420 2446 540 2508 factam
563 2453 596 2508 et
619 2445 667 2508 sui
691 2446 803 2526 scripti
828 2446 950 2527 pagina
973 2446 1170 2519 roboratam,
1195 2445 1277 2506 sicut
1301 2445 1332 2506 in
1356 2446 1424 2507 eius
1446 2446 1617 2529 privilegio
1642 2447 1830 2511 distinctum

156 2545 216 2609 est,
240 2534 338 2598 vobis
361 2534 590 2597 nichilominus
613 2534 852 2597 confirmamus.
899 2533 1053 2597 Obeunte
1075 2555 1153 2596 vero
1177 2544 1218 2608 te,
1251 2553 1336 2596 nunc
1359 2535 1506 2598 eiusdem
1529 2536 1592 2598 loci
1616 2535 1747 2613 abbate,
1778 2538 1831 2601 vel

155 2634 289 2686 tuorum
313 2623 463 2705 quolibet
485 2643 717 2697 successomm,
748 2623 853 2686 nullus
876 2623 921 2685 ibi
946 2622 1093 2704 qualibet
1116 2624 1337 2703 subreptionis
1359 2624 1478 2686 astutia
1500 2645 1557 2687 seu
1579 2626 1737 2689 violentia
1759 2647 1830 2714 pre·

156 2724 310 2795 ponatur,
335 2714 395 2775 nisi
413 2733 509 2794 quem
527 2713 640 2775 sratres
656 2713 821 2775 communi
838 2732 999 2775 consensu
1023 2712 1075 2774 vel
1091 2712 1224 2774 sratrum
1248 2732 1324 2793 pars
1340 2714 1466 2775 consilii
1490 2715 1627 2777 sanioris
1651 2717 1831 2779 secundum

156 2803 211 2864 dei
235 2803 389 2864 timorem
413 2813 446 2865 et
469 2803 557 2865 beati
582 2801 752 2864 Benedicti
775 2802 920 2883 regulam
943 2802 1146 2883 providerint
1169 2801 1364 2881 eligendum.
1410 2802 1542 2866 Electus
1566 2813 1676 2866 autem
1699 2805 1741 2867 ad
1764 2807 1829 2868 Ro·

156 2911 292 2953 manum
308 2891 500 2972 pontificem
516 2890 761 2954 benedicendus
777 2891 920 2953 accedat.
952 2890 1085 2964 Crisma,
1101 2891 1210 2953 oleum
1225 2897 1383 2966 sanctum,
1404 2894 1665 2956 consecrationes
1681 2895 1830 2958 altarium

153 3002 213 3042 seu
239 2981 455 3056 basilicarum,
480 2981 703 3043 ordinationes
725 2980 962 3042 monachorum
985 2981 1053 3042 sive
1077 2980 1276 3054 clericorum,
1301 2981 1356 3061 qui
1376 2981 1419 3042 ad
1440 3001 1551 3045 sacros
1566 2983 1697 3046 ordines
1713 2983 1831 3049 luerint

153 3069 393 3152 promovendi,
425 3089 675 3151 aquocumque
704 3070 891 3143 malueritis,
922 3070 1105 3151 suscipietis
1136 3069 1305 3151 episcopo.
1350 3068 1437 3132 Sane
1460 3071 1648 3157 prediorum
1672 3073 1740 3136 sive
1763 3074 1829 3137 alo-

155 3159 288 3221 diorum
303 3168 486 3221 vestrorum
502 3159 654 3234 decimas,
671 3157 793 3246 abone
808 3159 964 3244 memorie
980 3158 1170 3232 Gotelredo,
1186 3158 1321 3220 Lucano
1338 3159 1497 3240 episcopo
1515 3158 1549 3238 8),
1564 3161 1660 3224 vobis
1680 3162 1829 3239 indultas,

153 3247 253 3310 vobis
285 3249 467 3329 vestrisque
498 3247 738 3311 successoribus
768 3249 838 3310 sine
862 3247 1032 3328 questione
1060 3246 1168 3328 aliqua
1191 3267 1382 3327 permanere
1404 3250 1575 3312 sancimus.
1622 3249 1830 3332 Sepulturam

155 3357 291 3418 quoque
314 3337 416 3418 ipsius
440 3337 501 3399 loci
526 3337 663 3400 liberam
686 3357 757 3400 esse
780 3356 957 3411 censemus,
987 3346 1021 3398 ut
1045 3355 1166 3410 eorum,
1191 3337 1245 3417 qui
1269 3357 1305 3398 se
1328 3337 1392 3399 illic
1415 3339 1544 3418 sepeliri
1569 3339 1828 3418 deliberaverint,

155 3427 328 3489 devotioni
360 3437 393 3489 et
424 3436 569 3513 extreme
600 3426 776 3502 voluntati,
813 3426 873 3488 nisi
905 3424 989 3488 sorte
1022 3425 1297 3488 excommunicati
1327 3425 1379 3487 vel
1411 3426 1573 3490 interdicti
1604 3429 1683 3504 sint,
1724 3430 1830 3494 nullus

155 3515 304 3591 obsistat,
335 3515 425 3578 salva
448 3524 558 3578 tamen
582 3516 703 3578 iustitia
726 3515 868 3577 matricis
892 3514 1037 3601 ecclesie.
1083 3514 1254 3578 Sancimus
1278 3515 1385 3590 etiam,
1419 3522 1454 3577 ut
1485 3536 1545 3578 nec
1575 3518 1735 3599 episcopo
1769 3541 1829 3583 nec

156 3604 409 3685 archiepiscopo
433 3606 585 3686 cuiquam
608 3615 664 3667 aut
686 3624 799 3667 eorum
822 3604 976 3666 ministris
999 3605 1104 3678 liceat,
1133 3605 1242 3666 locum
1265 3603 1373 3685 ipsum
1395 3614 1451 3666 aut
1474 3606 1542 3667 eius
1565 3607 1745 3671 monachos
1768 3630 1829 3672 nec

157 3694 347 3756 adiacentes
371 3694 523 3756 ecclesias
548 3694 589 3756 de
611 3693 687 3757 Sala
711 3691 889 3756 Marchana
911 3713 985 3754 curn
1009 3693 1143 3774 capellis
1166 3693 1231 3754 suis
1254 3694 1305 3755 vel
1328 3692 1536 3774 presbiteros,
1568 3696 1610 3758 ab
1635 3696 1757 3760 abbate
1780 3698 1826 3762 ibi

156 3784 363 3858 constitutos,
387 3793 496 3865 preter
510 3783 653 3845 Romani
676 3783 840 3864 pontificis
857 3783 1091 3845 conscientiam
1108 3783 1390 3845 excommunicare
1415 3790 1470 3845 aut
1489 3785 1689 3848 interdicere.
1727 3788 1828 3850 Porro

157 3892 218 3934 nec
246 3872 468 3935 ecclesiastica
498 3893 558 3935 nec
590 3872 740 3934 secularis
764 3880 911 3953 potestas
941 3892 1039 3953 super
1067 3872 1175 3934 locum
1205 3873 1311 3953 ipsum
1339 3872 1530 3935 violentiam
1561 3883 1616 3936 aut
1646 3875 1829 3940 dominium

157 3981 310 4024 exercere
333 3971 509 4049 presumat,
539 3969 574 4023 ut
597 3962 688 4024 iuxta
719 3962 986 4048 predecessorum
1017 3970 1202 4023 nostrorum
1225 3959 1374 4041 Gregorii
1398 3973 1456 4035 Vn,
1479 3962 1605 4026 Urbani
1629 3978 1663 4039 11,
1687 3965 1829 4029 Pascalis

158 4063 191 4113 et
213 4050 334 4114 Calixti
351 4048 379 4132 ⁴)
403 4050 653 4113 constitutiones
676 4051 718 4113 ab
743 4051 889 4113 omniurn
912 4050 1081 4113 hominum
1105 4052 1181 4131 iugo
1205 4050 1288 4113 liber
1309 4049 1369 4112 sub
1393 4051 1575 4138 apostolice
1598 4053 1685 4116 sedis
1700 4063 1828 4118 tanturn

159 4141 224 4202 iure
264 4159 303 4202 ac
343 4140 467 4202 ditione
508 4150 708 4220 permaneat.
762 4138 877 4221 Sitque
913 4160 1043 4221 semper
1073 4140 1140 4201 eius
1171 4138 1243 4200 filiis
1273 4139 1387 4219 refugii
1419 4148 1533 4221 portus
1563 4151 1596 4204 et
1626 4142 1828 4207 domicilium

158 4229 348 4304 securitatis,
373 4236 407 4290 ut
431 4249 473 4290 ex
496 4248 536 4291 eo
559 4229 718 4310 proximis
743 4238 775 4291 et
791 4227 896 4290 forma
911 4229 1064 4290 virtutum
1081 4240 1114 4291 et
1130 4229 1238 4290 lumen
1255 4229 1408 4309 effulgeat
1424 4230 1574 4293 caritatis·
1613 4232 1828 4298 Decernimus

159 4337 244 4400 erge,
278 4325 314 4379 ut
337 4318 415 4381 nulli
439 4319 574 4380 omnino
597 4318 767 4380 hominurn
790 4318 895 4393 liceat,
925 4318 1087 4398 prelatum
1111 4317 1286 4381 cenobium
1308 4326 1431 4380 temere
1453 4320 1643 4400 perturbare
1674 4330 1730 4384 aut
1760 4324 1828 4387 eius

158 4407 384 4488 possessiones
415 4406 540 4469 auferre
563 4407 614 4469 vel
645 4406 771 4470 ablatas
802 4407 948 4483 retinere,
982 4408 1125 4469 minuere
1155 4417 1210 4469 aut
1241 4407 1403 4488 aliquibus
1424 4409 1655 4473 vexationibus
1682 4411 1826 4493 fatigare,

158 4498 213 4560 sed
237 4497 352 4559 omnia
375 4497 502 4578 integra
524 4508 756 4559 conserventur
778 4517 899 4572 eorum,
929 4516 990 4577 pro
1015 4516 1152 4577 quorum
1175 4496 1414 4578 gubernatione
1437 4507 1470 4560 et
1492 4500 1728 4563 sustentatione
1751 4522 1826 4564 con·

158 4606 248 4649 cessa
279 4595 373 4660 sunt,
405 4585 516 4649 usibus
546 4586 746 4648 omnimodis
776 4585 959 4667 profutura,
990 4586 1079 4648 salva
1110 4586 1198 4648 sedis
1229 4585 1410 4671 apostolice
1443 4589 1644 4652 auctoritate.
1694 4589 1729 4653 Si
1762 4611 1828 4672 qua

159 4676 254 4757 igitur
285 4674 319 4737 in
351 4673 493 4736 futurum
523 4675 743 4738 ecclesiastica
764 4675 957 4738 secularisve
980 4695 1129 4756 persona,
1160 4674 1245 4737 hanc
1268 4685 1377 4761 nostre
1401 4677 1641 4740 constitutionis
1671 4680 1826 4761 paginam

158 4766 271 4840 sciens,
297 4773 412 4826 contra
434 4784 508 4826 eam
537 4774 660 4827 temere
681 4764 791 4827 venire
822 4765 1038 4846 temptaverit,
1069 4765 1213 4827 secundo
1237 4764 1375 4826 tertiove
1405 4767 1613 4842 commonita,
1645 4769 1705 4831 nisi
1736 4770 1826 4847 satis·

159 4853 301 4917 factione
329 4873 473 4934 congrua
503 4853 733 4929 emendaverit,
764 4854 937 4935 potestatis
968 4854 1167 4935 honorisque
1198 4854 1246 4915 sui
1280 4854 1440 4935 dignitate
1470 4866 1578 4918 careat
1607 4877 1761 4939 reamque
1791 4880 1827 4922 se

159 4944 268 5006 divino
295 4942 416 5005 iudicio
440 4943 578 5005 existere
602 4943 644 5005 de
666 4952 854 5025 perpetrata
877 4943 1048 5024 iniquitate
1071 4952 1258 5024 cognoscat,
1287 4950 1320 5005 et
1343 4963 1364 5004 a
1385 4945 1602 5006 sacratissimo
1626 4965 1764 5028 corpore
1788 4969 1826 5012 ac

158 5034 314 5115 sanguine
339 5032 391 5094 dei
415 5041 448 5094 et
471 5030 604 5107 domini,
636 5031 853 5114 redemptoris
877 5033 977 5094 nostri
1001 5033 1072 5096 lesu
1097 5032 1224 5106 Christi,
1252 5032 1358 5094 aliena
1389 5031 1453 5108 fiat,
1484 5043 1583 5114 atque
1614 5034 1644 5096 in
1676 5047 1825 5100 extremo

158 5123 309 5185 examine
334 5121 479 5208 districte
509 5120 623 5184 ultioni
651 5121 826 5184 subiaceat.
873 5120 1006 5184 Cunctis
1038 5132 1155 5197 autern,
1187 5120 1294 5184 eidem
1325 5121 1399 5183 loco
1430 5122 1513 5184 iusta
1542 5125 1753 5202 servantibus,
1784 5129 1827 5191 sit

159 5232 222 5291 pax
249 5211 376 5274 domini
408 5211 509 5273 nostri
532 5211 604 5273 Iesu
629 5210 755 5286 Christi,
788 5217 947 5291 quatenus
978 5221 1010 5273 et
1040 5212 1093 5273 hic
1124 5212 1261 5273 fructum
1293 5211 1381 5296 bone
1411 5212 1548 5274 actionis
1580 5215 1765 5297 percipiant
1793 5226 1827 5280 et

157 5302 242 5382 apud
267 5301 452 5363 districtum
475 5298 616 5363 iudicem
639 5301 764 5387 premia
787 5309 897 5387 eterne
920 5300 1012 5382 pacis
1035 5301 1210 5363 inveniant.
1255 5300 1375 5363 Amen.
1399 5299 1489 5364 A·m.
1513 5298 1631 5366 Amen.

158 5449 343 5458 -..Μ-ψ-
348 5451 464 5457 ...----.
479 5451 580 5457 --—-..

317 5529 342 5586 ι)
368 5526 445 5592 Vergl.
471 5526 508 5576 die
528 5526 588 5578 Urk.
611 5541 665 5576 vom
684 5529 700 5578 2
724 5527 793 5593 Jum'
809 5529 882 5580 1194.
972 5527 999 5595 2)
1018 5526 1147 5576 Iiccerchio
1162 5526 1218 5594 liegi
1236 5544 1277 5577 am
1295 5529 1363 5578 Arno
1380 5529 1504 5596 umgesdhr
1519 5529 1546 5581 in
1563 5530 1607 5582 der
1623 5531 1827 5585 Maiestatem

157 5598 213 5648 Pisa
237 5598 297 5647 und
316 5598 425 5658 Florem,
449 5614 473 5648 es
492 5598 587 5664 geberic
610 5615 641 5647 zu
669 5598 843 5659 Vallombrosa5
875 5600 950 5665 vergl.
984 5598 1171 5659 Winkclmunn,
1199 5600 1260 5649 Acta
1280 5599 1379 5665 Imperii
1395 5601 1414 5650 l
1428 5609 1455 5666 p.
1474 5605 1515 5663 42,
1536 5605 1576 5654 19.
1650 5610 1677 5674 3)
1699 5606 1825 5673 Gottsn'ed,

154 5670 256 5738 Biscbof
266 5686 317 5721 von
335 5670 427 5730 Lucra,
447 5672 515 5722 1089
526 5699 558 5708 -
568 5686 588 5722 c.
608 5671 685 5721 1098.
755 5673 784 5740 4)
804 5670 920 5721 Sclrer'nen
937 5672 984 5721 alle
1000 5671 1067 5722 nicht
1083 5670 1191 5722 ertatem
1207 5688 1238 5721 ru
1255 5671 1313 5723 sein.

1565 5753 1620 5821 ις’
