3982 6194
162 256 222 327 168

159 443 241 505 iuste
264 449 297 503 et
320 439 476 503 canonice
498 436 656 519 possidet,
686 446 805 501 terram
830 439 872 501 de
895 439 1054 516 Menasio,
1086 449 1120 503 et
1149 450 1269 504 terram
1301 440 1343 502 de
1365 441 1458 503 Fara
1502 441 1717 506 Decernimus
1736 464 1803 528 ergo,

159 542 193 595 ut
226 530 303 593 nulli
334 528 468 590 omnino
500 527 670 589 hominum
701 527 810 604 liceat,
841 530 1065 611 supradictum
1098 530 1339 605 monasterium,
1372 577 1379 593 .
1411 574 1419 591 .
1451 578 1458 591 .
1489 528 1603 595 usibus
1633 532 1803 601 omnimodis

159 621 342 702 profutura,
379 616 469 679 salva
499 617 586 679 sedis
617 618 797 699 apostolice
832 618 1081 704 auctoritates).
1126 619 1183 682 Ad
1215 618 1369 681 indicium
1405 628 1514 682 autem
1544 619 1657 697 huius,
1694 643 1713 685 a
1745 626 1803 690 sede

159 709 341 792 apostolica
359 704 388 789 b)
411 716 567 787 percepte
591 706 757 782 libertatis,
789 728 888 770 unum
919 709 1098 771 bizantium
1128 719 1197 772 tam
1226 720 1270 783 tu,
1296 728 1395 790 quam
1418 727 1624 773 successores
1646 710 1702 786 tui,
1730 714 1803 778 uobis

158 799 341 878 nostrisque
364 796 606 858 successoribus
630 797 723 859 annis
745 797 879 877 singulis
895 798 1098 879 persolvetis.
1145 797 1179 861 Si
1204 818 1269 878 qua
1292 798 1468 879 igitur
1491 796 1626 862 Cunctis
1649 810 1803 867 autem...

159 888 334 951 inveniant.
380 883 499 946 Amen.
524 884 614 946 A-m.
639 885 758 947 Amen.
780 921 825 931 —

370 973 424 1053 (R)
448 974 521 1054 Ego
544 974 711 1036 Adrianus
734 974 894 1061 catholice
917 975 1053 1062 ecclesie
1077 976 1252 1057 episcopus
1275 995 1316 1038 ss
1341 973 1404 1055 (M)

369 1063 389 1143 †
412 1063 486 1144 Ego
510 1062 648 1126 Cencius
671 1063 857 1126 Portuensis
880 1076 913 1126 et
936 1074 1047 1128 sancte
1070 1064 1188 1152 Rur'mr,²
1211 1065 1388 1147 episcopus
1410 1085 1452 1127 ss.

369 1152 390 1230 †
412 1152 486 1233 Ego
511 1152 688 1233 Gregorius
711 1152 903 1216 Sabinensis
926 1155 1101 1235 episcopus
1124 1175 1166 1217 ss.
1190 1150 1236 1238 (7)

370 1276 412 1285 —
436 1238 457 1322 †
480 1242 553 1323 Ego
577 1242 687 1304 Guido
711 1241 872 1323 presbiter
895 1243 1067 1306 cardinalis
1090 1244 1138 1307 tit.
1162 1245 1266 1307 sancti
1290 1243 1466 1325 Grisogoni
1489 1263 1531 1306 ss.

371 1327 391 1412 'r
415 1330 488 1411 Ego
513 1330 702 1393 Mansredus
725 1331 886 1412 presbiter
908 1332 1081 1395 cardinalis
1104 1334 1152 1395 tit.
1175 1343 1288 1420 sancte
1311 1332 1431 1418 Savine
1453 1353 1494 1395 ss

369 1418 390 1498 †
414 1420 487 1500 Ego
511 1419 608 1482 Iulius
632 1421 793 1500 presbiter
815 1421 986 1484 cardinalis
1010 1423 1058 1484 tit.
1081 1423 1184 1485 sancti
1209 1421 1354 1485 Marcelli
1375 1443 1417 1484 ss.

370 1508 392 1585 †
415 1509 487 1589 Ego
511 1508 696 1572 Bemardus
718 1510 880 1592 presbiter
903 1510 1076 1573 cardinalis
1099 1511 1147 1574 tit.
1171 1513 1275 1574 sancti
1300 1511 1479 1575 Clementis
1501 1531 1542 1572 ss.
1566 1505 1614 1594 (2)

371 1597 391 1681 †
413 1598 486 1678 Ego
511 1597 666 1661 Girardus
690 1599 851 1680 presbiter
872 1599 1044 1662 cardinalis
1067 1601 1115 1663 tit.
1132 1602 1235 1664 sancti
1251 1599 1411 1682 Stephani
1429 1601 1461 1663 in
1477 1598 1569 1664 Celio
1594 1609 1707 1662 monte
1727 1620 1762 1663 ss,
1775 1595 1807 1683 (2)

371 1722 415 1731 —
438 1683 459 1767 †
482 1687 555 1768 Ego
579 1688 689 1750 Guido
714 1689 870 1751 diaconus
893 1689 1066 1752 cardinalis
1089 1702 1201 1753 sancte
1225 1691 1328 1753 Marie
1351 1690 1384 1752 in
1406 1689 1536 1752 Porticu
1559 1709 1601 1753 ss,

372 1773 393 1857 †
416 1776 489 1856 Ego
513 1776 675 1839 lohannes
699 1778 856 1840 diaconus
880 1778 1051 1840 cardinalis
1074 1789 1260 1842 sanctorum
1285 1779 1389 1860 Sergii
1413 1788 1447 1842 et
1468 1776 1569 1841 Bachi
1593 1798 1636 1841 ss.

371 1866 392 1944 †
415 1866 488 1947 Ego
513 1864 677 1929 Gerardus
700 1867 858 1930 diaconus
882 1867 1054 1930 cardinalis
1076 1880 1189 1954 sancte
1212 1867 1316 1955 Marie
1339 1869 1372 1929 in
1395 1867 1459 1931 Via
1481 1867 1548 1929 lata
1569 1888 1612 1930 ss.

372 1951 392 2036 †
415 1955 489 2035 Ego
514 1955 591 2017 Odo
616 1956 772 2018 diaconus
795 1955 968 2019 cardinalis
991 1959 1093 2019 sancti
1118 1958 1269 2020 Nicholai
1293 1959 1325 2019 in
1350 1976 1477 2019 carcere
1500 1949 1681 2040 T[ulliano]
1704 1975 1742 2017 ss.

320 2043 396 2106 Dat.
414 2045 445 2105 in
470 2045 632 2106 territorio
652 2044 825 2108 Tiburtino
849 2046 937 2127 apud
961 2055 1097 2128 pontem
1113 2047 1291 2122 Lucanum,
1315 2066 1374 2128 per
1397 2065 1530 2108 manum
1545 2044 1699 2119 Rolandi,
1720 2052 1812 2106 sancte

160 2133 310 2193 Romane
334 2133 489 2195 aecclesie
512 2134 683 2213 presbiteri
708 2134 880 2197 cardinalis
902 2131 928 2217 c)
951 2146 984 2198 et
1004 2133 1031 2220 c)
1055 2136 1237 2198 cancellarii
1258 2135 1294 2220 0).
1340 2134 1501 2197 1111N0n.
1526 2133 1605 2196 Iulii.
1651 2131 1813 2195 Indictioue

161 2222 263 2284 tertia
311 2219 547 2322 lncamationis
579 2224 744 2285 dominice
775 2244 861 2286 anno
893 2236 998 2285 ΜΕΝ.
1043 2224 1255 2288 Pontificatus
1286 2245 1364 2287 vero
1397 2224 1509 2285 domni
1532 2222 1673 2285 Adriani
1704 2242 1757 2304 pp.
1776 2233 1814 2284 11ss

161 2331 248 2372 anno
271 2330 388 2391 prrmo.
414 2346 453 2356 -

323 2424 365 2474 Or.
384 2424 417 2473 im
436 2424 549 2475 Archabio
567 2425 722 2475 distarem
741 2425 863 2476 nsailand.

170 2550 177 2565 α
322 2497 392 2561 Perg.
410 2497 471 2555 uad,
489 2498 524 2545 br.
538 2499 624 2556 0,535,
643 2500 703 2562 lang
720 2500 789 2556 055,
808 2507 882 2547 untcn
901 2500 963 2558 0,04
980 2499 1170 2564 umgeschlagen‚
1189 2499 1266 2548 durch
1283 2498 1342 2547 awti
1358 2497 1451 2547 Licher
1464 2497 1522 2563 geht
1538 2497 1576 2545 die
1590 2497 1669 2562 gelde,
1688 2493 1766 2543 weisse
1780 2491 1821 2541 aad

160 2568 294 2617 slahlblauc
311 2568 493 2628 Seidmschnur,
519 2569 592 2617 deren
611 2570 665 2617 Blci
685 2572 802 2618 verlorcn.
840 2570 947 2636 Fulturrg
969 2572 1013 2618 der
1029 2572 1125 2619 Bullen.
1163 2571 1298 2635 Ringkreru
1315 2571 1370 2619 und
1389 2569 1552 2633 Untersckn‘ft
1575 2584 1624 2617 von
1638 2566 1743 2633 gleicher
1758 2564 1822 2615 Hand

161 2641 216 2688 und
232 2640 313 2701 Divite,
341 2639 477 2704 Umscllrr'st
486 2640 559 2704 schll,
584 2641 628 2688 der
645 2641 783 2689 Innrnkreis
805 2642 836 2689 ist
860 2642 920 2690 ohne
945 2642 1029 2690 Zirkel
1048 2643 1153 2690 ziemlich
1176 2642 1376 2707 ungleicdmdsrrgr
1400 2642 1456 2689 und
1471 2639 1594 2689 theilwer‘se
1611 2640 1666 2706 aus
1679 2640 1763 2686 Rmr
1778 2653 1821 2686 aas·

157 2711 266 2776 gesr'ikrl.
302 2712 431 2775 Datr'mng
453 2728 500 2760 von
525 2713 627 2760 anderer
644 2712 723 2761 Hand
743 2713 799 2760 und
813 2713 888 2761 Dintr
911 2715 949 2761 uls
971 2714 1014 2761 der
1031 2713 1208 2778 Hauptkdrper,
1233 2714 1278 2761 das
1295 2715 1317 2762 R
1336 2714 1444 2761 A'olands
1460 2713 1546 2760 kinnu
1569 2711 1643 2760 datin
1662 2709 1822 2775 mrchgetrngm

161 2784 216 2831 sein.
253 2783 301 2832 Dic
317 2783 496 2848 Zeugmfirmrn
511 2783 687 2849 gudsstentlreils
703 2800 750 2832 vora
768 2785 812 2832 der
828 2784 963 2834 nr‘imlr'clun
983 2785 1060 2832 Hand
1074 2786 1130 2833 und
1144 2784 1211 2833 urokl
1224 2786 1286 2833 audi
1300 2784 1404 2850 gleichrr
1420 2784 1495 2832 Dinia
1511 2783 1666 2848 uusgfie'hrr.

906 3177 971 3252 Nr.
1004 3182 1090 3252 157.

162 3322 317 3388 Hadrian
343 3323 404 3389 IV
429 3324 580 3389 berichtet
607 3325 680 3389 dem
705 3324 860 3405 Bischofe
892 3347 952 3389 von
978 3326 1183 3408 Angoultma
1215 3346 1253 3390 er
1281 3325 1390 3390 werde
1415 3326 1452 3389 in
1475 3324 1595 3387 seinem
1625 3321 1749 3386 Streite
1779 3324 1835 3386 mit

163 3414 235 3477 dem
264 3414 400 3478 Klorter
431 3415 598 3498 Roncenay
626 3436 736 3497 wegcn
772 3414 854 3476 Font
887 3414 1025 3479 Cobrone
1053 3417 1144 3479 lecina
1174 3414 1418 3497 Entsclreidung
1447 3413 1497 3476 bis
1526 3433 1565 3476 zu
1597 3411 1661 3476 den
1700 3410 1834 3476 Octaucn

163 3503 197 3566 S.
229 3503 374 3567 Martius
397 3504 522 3585 treffcn,
563 3526 600 3569 er
627 3505 704 3568 solle
734 3503 802 3567 siclt
834 3503 1142 3677 bzsgcliptlz'pmslcjlbst
1170 3503 1250 3568 oder
1278 3504 1379 3568 durch
1410 3501 1501 3567 alren
1531 3501 1835 3585 Bevollmdclrtigten

761 3736 845 3798 1155
859 3733 989 3820 August
1003 3739 1055 3799 12.
1097 3734 1233 3800 Viterbo.

323 3869 489 3931 Adrianus
513 3870 704 3951 episcopus,
735 3891 845 3932 servus
877 3891 1042 3932 servorum
1068 3872 1135 3947 dei,
1166 3871 1342 3933 venerabili
1367 3870 1465 3942 fratri,
1496 3867 1740 3950 Engolismensi
1771 3867 1835 3949 epi·

165 3977 268 4038 scopo
286 3955 320 4040 ²),
350 3957 487 4020 salutem
512 3970 544 4021 et
567 3959 783 4040 apostolicam
807 3959 1080 4022 benedictionem.
1127 3957 1219 4023 Sicut
1242 3982 1284 4022 ex
1307 3960 1465 4022 relatione
1492 3958 1604 4020 latoris
1636 3957 1835 4039 presentium

166 4046 337 4110 manifeste
361 4049 583 4128 cognovimus,
615 4049 757 4128 priorem
788 4055 821 4110 et
844 4069 1001 4111 monacos
1034 4051 1075 4112 de
1098 4051 1277 4112 Ruciniaco
1306 4070 1368 4130 pro
1392 4048 1621 4123 controversia,
1654 4066 1720 4127 que
1742 4064 1837 4127 super

166 4136 309 4216 quadam
325 4137 470 4212 ecclesia,
495 4157 558 4218 que
575 4137 691 4199 dicitur
707 4138 780 4199 fons
796 4137 959 4212 Cobrona,
976 4148 1008 4200 et
1024 4160 1121 4219 super
1135 4139 1386 4220 gravaminibus,
1411 4158 1475 4219 que
1494 4137 1554 4199 tibi
1571 4134 1837 4199 irracionabiliter

166 4225 351 4300 inferantur,
376 4226 459 4288 inter
481 4233 514 4288 te
538 4236 570 4288 et
594 4246 651 4288 eos
675 4228 819 4289 noscitur
834 4228 957 4307 agitari,
982 4227 1014 4289 in
1037 4229 1197 4310 proximis
1221 4229 1344 4290 octavis
1374 4228 1478 4290 sancti
1503 4225 1634 4288 Martini
1659 4224 1837 4287 adsedem

166 4315 382 4395 apostolicam
399 4315 578 4397 appellasti.
624 4317 696 4378 Nos
718 4327 835 4392 autem,
861 4318 937 4396 quia
959 4319 1027 4378 iura
1049 4325 1105 4379 tua
1129 4318 1161 4379 in
1182 4318 1270 4379 nullo
1287 4317 1346 4380 tibi
1364 4317 1463 4378 minui
1479 4315 1629 4377 volumus
1643 4313 1696 4377 vel
1713 4313 1836 4387 auferri,

165 4405 366 4484 presentium
388 4405 581 4467 auctoritate
603 4406 781 4479 statuimus,
806 4416 841 4467 ut
865 4426 914 4467 res
938 4407 970 4467 in
993 4426 1034 4468 eo
1055 4417 1149 4483 statu,
1174 4407 1293 4487 inquo
1320 4416 1496 4486 antequam
1518 4404 1721 4486 appellatum
1744 4412 1836 4478 esset,

166 4494 383 4574 permansisse
415 4493 609 4571 dinoscitur,
640 4502 833 4575 perseveret.
879 4494 1011 4557 Interim
1042 4517 1138 4572 veru,
1176 4497 1201 4558 si
1241 4496 1407 4577 predictos
1437 4494 1640 4557 adversarios
1676 4503 1754 4556 tuos
1784 4501 1838 4555 aut

167 4602 281 4644 eorum
307 4583 442 4645 nuncios
473 4583 515 4645 ad
548 4603 609 4645 nos
631 4585 741 4646 venire
771 4583 961 4663 contigerit,
993 4584 1115 4647 nullum
1146 4605 1166 4646 a
1197 4586 1293 4647 nobis
1324 4594 1517 4666 responsum
1545 4592 1622 4647 ante
1653 4584 1838 4665 predictum

166 4673 339 4734 terminum
363 4672 586 4753 reportabunt.
632 4673 705 4735 Tua
728 4692 806 4753 ergo
835 4673 987 4748 intererit,
1020 4675 1052 4735 in
1084 4673 1260 4737 constituto
1293 4685 1444 4755 tempore
1474 4692 1573 4755 super
1601 4673 1719 4735 eadem
1744 4690 1838 4734 causa

167 4782 226 4842 per
248 4770 281 4824 te
303 4761 355 4823 vel
378 4781 437 4842 per
460 4761 681 4842 responsalem
710 4771 810 4836 tuum,
841 4772 1045 4843 recepturum
1069 4774 1101 4824 et
1124 4762 1344 4827 exhibiturum
1369 4763 1537 4839 iusticiam,
1569 4772 1682 4825 nostro
1706 4771 1741 4824 te
1763 4780 1837 4823 con·

167 4851 292 4931 spectui
316 4860 513 4930 presentare.
537 4886 579 4895 —
603 4850 678 4913 Dat.
702 4851 840 4926 Viterbi,
864 4865 888 4912 11
911 4851 987 4913 ldus
1009 4851 1160 4933 Augusti.

326 4963 450 5028 Abschrist
465 4980 519 5013 vom
541 4967 571 5014 12
593 4964 685 5028 Jahrb.
705 4966 745 5014 des
767 4965 822 5015 Cod.
845 4964 919 5013 Ortob.
939 4966 990 5015 687
1003 4974 1031 5031 p.
1051 4969 1093 5027 12,
1111 4966 1137 5016 in
1155 4968 1198 5016 der
1215 4966 1278 5016 Bidl.
1303 4965 1419 5015 lbticana
1437 4982 1466 5015 aar
1484 4969 1552 5015 Rom.

207 5108 473 5115 ...--—--.--——-—
496 5108 590 5115 —--

327 5196 352 5259 a)
372 5194 493 5244 Zwr'sckm
512 5195 658 5245 auctoritate
676 5196 732 5244 und
746 5195 786 5244 Ad
806 5197 891 5244 Rarur
907 5211 954 5244 von
974 5197 1059 5256 0,155,
1082 5197 1160 5246 eumn
1180 5198 1311 5264 gestandcn
1334 5196 1378 5246 hat
1396 5203 1419 5245 et
1439 5195 1701 5260 diocesaniepiscopi
1720 5195 1837 5245 canonica

168 5267 266 5318 iustitia.
303 5267 330 5317 si
356 5283 412 5332 qua.
463 5267 607 5333 Wnr'gstens
630 5267 658 5316 si
682 5284 730 5333 qua
755 5282 821 5316 murs
841 5268 918 5334 gleich
943 5268 1075 5332 wegmdirr
1097 5271 1158 5328 sein,
1184 5272 1241 5319 roer'l
1260 5270 1345 5318 dusA
1368 5285 1415 5317 von
1440 5269 1481 5317 Ad
1504 5269 1556 5334 aus
1575 5268 1651 5316 dieser
1674 5270 1761 5316 Ramr
1783 5267 1838 5316 steht

169 5341 196 5406 b)
215 5338 338 5389 Dabinter
355 5342 439 5389 Ram
455 5340 516 5389 trites
532 5356 557 5388 m
636 5343 660 5406 c)
679 5341 731 5401 aus
743 5342 832 5390 Ir‘asur.
910 5344 947 5405 ,1)
972 5340 1048 5404 l'crgl.
1068 5342 1105 5390 die
1126 5342 1185 5394 i'rk.
1203 5359 1257 5390 vom
1279 5345 1309 5390 11
1328 5341 1460 5404 September
1479 5341 1554 5392 1165.
1628 5343 1655 5407 2)
1674 5339 1754 5405 Hugo
1770 5341 1798 5388 de
1813 5340 1836 5386 la

169 5411 371 5476 Rochesoucauld,
390 5412 493 5476 Br'scltos
506 5427 553 5460 von
571 5410 723 5477 Angoulimr,
742 5429 762 5461 c.
782 5414 917 5461 1148-c.
939 5413 1013 5461 1159.
