3982 6194
413 119 486 202 Ego
510 119 620 184 Guido
644 118 800 182 diaconus
824 118 995 184 cardinalis
1019 131 1130 184 sancte
1155 122 1257 184 Marie
1280 123 1312 184 in
1335 123 1464 185 Porticu
1488 144 1528 186 ss.

417 205 502 294 [Ego
525 209 688 272 Iohannes
711 210 868 271 diaconus
891 211 1063 273 cardinalis
1086 222 1272 273 sanctorum
1295 211 1398 292 Sergii
1423 208 1468 296 et]
1493 213 1595 276 Bachi
1619 234 1659 275 ss.

368 299 391 375 †
413 299 487 379 Ego
510 299 588 362 Odo
613 298 769 360 diaconus
792 298 963 361 cardinalis
986 301 1088 362 sancti
1112 300 1261 363 Nicholai
1287 301 1319 362 in
1346 320 1473 364 carcere
1496 302 1648 364 Tulliano
1672 323 1712 364 ss.
1736 298 1782 385 (7)

315 387 394 449 Dat.
410 387 572 462 Laterani,
597 407 657 468 per
679 407 811 449 manum
827 388 978 462 Rolandi,
1002 400 1112 474 sancte
1136 391 1286 476 Romane
1309 390 1443 476 ecclesie
1467 392 1638 471 presbiteri
1656 391 1827 453 cardinalis

154 485 184 536 et
214 475 414 538 cancellarii.
465 491 516 539 vll
545 477 621 539 Idus
653 477 769 538 Martii.
821 477 1004 539 Indictione
1034 491 1068 538 11.
1124 479 1359 541 Incarnationis
1390 479 1554 542 dominice
1588 501 1674 543 anno
1705 492 1826 543 McL111.

153 562 371 627 Pontificatus
394 586 472 628 vero
497 566 608 628 domni
632 565 799 628 Anastasii
822 582 872 626 1111
895 586 952 647 pp.
976 586 1062 629 anno
1087 584 1106 628 1.
1130 603 1174 611 -

321 677 365 727 Or.
384 677 417 726 im
436 678 549 728 Arclre'ra'o
570 679 703 742 capitolare
720 696 750 727 eu
772 680 855 728 Veroli.

319 749 390 815 Perg.
409 751 470 808 ital,
488 752 523 800 br.
544 753 613 810 0,67,
632 753 693 816 long
709 753 794 810 O,805,
819 758 893 800 uertere
912 752 991 810 0,036
1015 751 1204 817 umgeschlagere,
1230 752 1307 800 durch
1327 757 1342 801 2
1362 752 1453 802 Laeter
1473 752 1534 818 gr'ng
1554 753 1591 801 die
1615 754 1719 811 Schnur,
1745 752 1829 801 welche

155 818 197 865 nri't
222 818 270 866 der
289 818 362 869 Buta
385 823 501 871 verlareu.
538 822 647 887 Faltung
672 823 716 870 der
741 823 837 871 Bullen.
875 824 930 871 Das
947 834 976 872 lu
989 835 1044 872 PPM
1062 823 1105 870 der
1122 832 1197 872 ersten
1216 825 1277 873 Zeile
1286 827 1355 887 stelle
1370 828 1438 883 0,18.
1475 825 1523 872 Die
1542 825 1558 872 3
1576 827 1652 874 Amen
1676 840 1740 889 gans
1765 825 1830 872 dicht

154 892 421 958 mranrmmgedreingt,
442 910 484 942 um
503 893 535 942 sie
551 894 611 942 noch
628 895 654 942 in
672 895 717 943 der
733 893 795 943 Zeile
812 894 990 959 hirtaebringen.
1032 894 1106 943 Ueber
1122 896 1264 959 li'iagkreua,
1293 896 1351 944 Ura·
1369 896 1424 944 aad
1442 895 1606 960 Unterschrrst
1622 897 1699 945 m'clus
1716 896 1827 944 Sicleres.

155 963 286 1027 Datinmg
303 979 359 1012 vom
378 965 667 1029 Hmcptktrpersrlireiber.
708 965 742 1014 Ob
760 966 804 1013 das
822 966 844 1014 R
863 967 971 1014 Rolands
988 965 1169 1031 nackgetragrn,
1194 968 1310 1025 amiciter,
1330 968 1367 1015 die
1384 967 1459 1015 Diale
1477 969 1507 1015 ist
1529 968 1566 1015 die
1579 968 1675 1033 gleiclee.
1717 967 1829 1016 Vendere

157 1034 251 1097 Zeugm
278 1035 339 1082 εἰηᾶ
360 1037 408 1084 alle
433 1052 518 1086 aresser
531 1038 561 1101 je
585 1038 628 1086 der
650 1044 709 1086 erste
729 1037 852 1102 Presbyter
877 1038 933 1085 aad
949 1037 1046 1085 Diakan
1063 1053 1110 1086 aaa
1132 1039 1170 1085 er'n
1187 1040 1242 1087 unet
1264 1040 1380 1087 derselben
1401 1039 1544 1103 griialicleen
1563 1039 1638 1087 Dinte
1652 1039 1770 1104 gemacht,
1796 1039 1831 1086 bei

154 1106 231 1164 jarem
250 1106 328 1154 athre
343 1123 396 1155 nur
411 1106 429 1166 †
447 1109 505 1172 Ego
524 1108 581 1158 GG.
600 1109 656 1156 und
671 1109 714 1157 der
730 1109 819 1171 Schoft
835 1109 874 1157 des
892 1124 916 1173 p,
936 1110 971 1158 bei
986 1109 1070 1157 diesem
1089 1109 1163 1169 nur†
1180 1125 1228 1158 van
1239 1111 1313 1175 jener
1328 1111 1404 1158 Diale
1421 1110 1471 1159 lter.
1508 1110 1539 1158 In
1557 1111 1657 1174 wiefem
1672 1111 1760 1176 gleiclre
1777 1110 1833 1158 und

155 1177 321 1227 verschiedne
337 1178 431 1227 Heinde
447 1179 523 1246 thatig
535 1195 649 1245 gewesen,
666 1181 790 1245 ungraviss.

903 1462 971 1537 Nr.
1003 1468 1089 1539 136.

159 1584 358 1648 Anastasius
374 1584 436 1647 IV
448 1583 575 1669 befielrlt
595 1583 669 1648 dem
690 1582 842 1665 Br'sclzose
857 1585 1032 1659 Jacintlius
1055 1608 1115 1649 von
1135 1585 1245 1664 Gaetu,
1267 1584 1339 1648 dem
1355 1585 1502 1648 Praestet
1525 1584 1668 1648 Valentia
1690 1585 1749 1648 das
1773 1584 1831 1648 Ge-

161 1695 326 1737 nommcne
344 1674 653 1738 zurackzuerstatten
672 1674 807 1737 andelia
823 1674 966 1737 Famr'le'e
987 1697 1047 1738 van
1064 1676 1244 1738 Biosaar'lla
1266 1675 1317 1738 bei
1336 1673 1590 1738 versclzlossenen
1614 1673 1644 1737 T
1637 1675 1738 1738 leiren
1758 1695 1831 1738 aum

779 1763 1010 1827 Gattesdienste
1024 1765 1225 1828 auaalassen.

777 1881 859 1941 1154
875 1878 977 1962 April
987 1883 1017 1942 8.
1063 1881 1213 1943 Lateran.

324 1992 520 2056 Anastasius
543 1993 726 2076 episcopus,
756 2015 865 2058 servus
888 2016 1055 2059 servorum
1079 1997 1140 2072 dei,
1168 1995 1345 2058 venerabili
1371 1994 1458 2057 fratri
1481 1990 1647 2076 llacinto),
1671 1993 1832 2057 Gaietano

162 2084 324 2164 episcopo
343 2083 377 2161 ¹),
402 2083 539 2145 salutem
563 2093 596 2145 et
619 2084 835 2164 apostolicam
858 2084 1132 2148 benedictionem.
1171 2087 1335 2147 Memores
1356 2104 1473 2157 sumus,
1499 2082 1588 2165 quod
1605 2102 1664 2163 per
1679 2082 1834 2145 dilectum

161 2172 264 2233 filium
296 2183 445 2233 nostrum
468 2172 704 2250 R(ainaldum),
737 2172 947 2237 Casinensem
979 2175 1134 2237 abbatem
1152 2175 1192 2255 ²),
1227 2174 1415 2236 fraternitati
1446 2184 1500 2258 tue
1532 2172 1767 2246 mandavimus,
1799 2183 1835 2233 ut

162 2282 209 2335 ea,
235 2280 302 2347 que
325 2261 508 2343 presbitero
524 2261 701 2324 Valentino
717 2263 876 2326 violenter
891 2264 1070 2338 abstuleris,
1095 2265 1219 2345 integre
1235 2264 1297 2325 sibi
1315 2274 1347 2325 et
1363 2263 1488 2343 absque
1504 2261 1654 2322 molestia
1670 2261 1832 2323 redderes.

162 2349 251 2430 Quia
273 2370 354 2412 vero
379 2350 412 2411 id
435 2350 590 2426 nondum,
620 2352 704 2413 sicut
733 2353 934 2434 accepimus,
966 2353 1082 2416 effectu
1114 2353 1317 2433 mancipasti,
1346 2372 1405 2432 per
1427 2351 1592 2432 presentia
1621 2350 1681 2411 tibi
1713 2351 1834 2431 scripta

161 2438 369 2513 mandamus
394 2450 553 2520 quatenus
575 2441 799 2520 possessiones
816 2453 848 2504 et
871 2443 968 2517 bona,
993 2462 1057 2528 que
1080 2442 1237 2522 predicto,
1263 2452 1297 2503 ut
1322 2441 1445 2514 diceris,
1470 2439 1649 2513 abstulisse,
1673 2439 1735 2501 sibi
1760 2459 1834 2500 cum

162 2529 353 2609 integritate
376 2538 409 2590 et
432 2529 501 2590 sine
525 2528 681 2592 dilatione
705 2531 862 2593 restituas.
908 2532 1122 2593 Postmodum
1145 2552 1232 2606 vero,
1257 2531 1283 2592 si
1308 2530 1386 2611 quid
1403 2530 1556 2590 adversus
1573 2547 1647 2589 eum
1663 2537 1696 2590 te
1712 2528 1833 2590 habere

162 2617 312 2690 confidis
338 2618 371 2679 in
396 2628 507 2679 nostra
529 2619 700 2698 presentia,
731 2619 820 2699 quod
844 2621 963 2682 iustum
988 2620 1089 2694 suerit,
1121 2621 1244 2701 poteris
1269 2619 1426 2681 obtinere.
1474 2617 1669 2679 Mandamus
1693 2637 1833 2699 quoque,

162 2717 197 2768 ut
213 2705 254 2769 G.
280 2706 323 2768 de
339 2706 440 2768 Blosa
461 2706 538 2768 villa
561 2716 593 2770 et
617 2728 752 2770 uxorem
776 2719 875 2789 atque
899 2720 1036 2771 matrem
1059 2710 1127 2771 eius
1151 2711 1183 2771 in
1208 2709 1351 2770 ecclesiis
1374 2708 1419 2768 tui
1444 2707 1661 2786 episcopatuo,
1687 2707 1729 2768 ad
1753 2726 1834 2786 quas

162 2795 365 2871 devenerint,
399 2796 515 2858 clausis
545 2797 648 2859 ianuis
678 2808 711 2859 et
740 2818 915 2879 suppressa
937 2818 1019 2860 voce
1044 2799 1153 2860 divina
1176 2799 1346 2879 permittas
1370 2796 1481 2857 audire
1505 2794 1622 2857 officia.
1645 2831 1688 2840 —
1711 2796 1834 2857 Datum

161 2885 327 2961 Laterani,
352 2899 390 2947 V1
412 2885 488 2947 ldus
511 2883 643 2966 Aprilis.

324 2998 452 3063 Absckrss
468 2999 508 3047 des
529 2999 585 3048 Cod.
604 2999 650 3048 XL
672 3003 712 3058 11,
730 3000 756 3049 in
775 3000 818 3049 ἄνν
835 3000 897 3049 aiat.
916 3000 1050 3049 Barbert'na
1069 3016 1097 3047 are
1115 3001 1183 3051 Ram.

910 3284 977 3358 Nr.
1009 3289 1093 3358 137.

162 3416 361 3480 Anastasius
374 3416 398 3479 I
404 3414 434 3478 V
444 3417 559 3479 nimmt
573 3416 634 3479 das
652 3412 783 3479 Kloster
789 3414 886 3568 ὂῖνιϊο
895 3414 1025 3568 Susago
1039 3414 1071 3478 ἄ
1073 3416 1169 3566 [ἵνα
1186 3417 1220 3478 ia
1235 3414 1462 3498 apostalrsclten
1479 3413 1593 3479 Saluta
1608 3414 1677 3477 und
1689 3413 1838 3494 bestatigt

794 3506 808 3567 i
832 3526 863 3567 m
878 3506 965 3568 seiae
1008 3503 1101 3567 ese-’tat
1123 3512 1221 3568 ie'mer.

783 3622 865 3682 1154
880 3619 982 3702 April
1000 3623 1049 3682 16.
1090 3620 1237 3682 Lateran.

325 3734 523 3798 Anastasius
563 3737 753 3818 episcopuS,
794 3756 903 3799 servus
933 3756 1099 3798 servorum
1131 3737 1198 3811 dei,
1241 3736 1359 3797 dilecto
1391 3734 1457 3797 filio
1490 3734 1685 3809 Ambrosi0,
1723 3733 1835 3797 abbati

167 3825 356 3886 monasterii
382 3824 484 3886 sancti
506 3823 674 3906 Stephani,
699 3825 790 3906 quod
813 3826 846 3887 in
869 3825 1026 3887 suburbio
1049 3827 1267 3907 Iporediensis
1287 3827 1315 3902 a)
1339 3825 1478 3887 civitatis
1501 3825 1598 3886 situm
1621 3835 1678 3898 est,
1703 3824 1837 3903 eiusque

166 3913 409 3976 successoribus
438 3913 626 3994 regulariter
647 3914 889 3989 substituendis,
913 3927 950 3975 IN
973 3928 1050 3976 PPM.
1074 3950 1116 3959 -
1137 3915 1141 3997 l
1162 3914 1327 3994 Quoniam
1358 3914 1427 3975 sine
1449 3934 1524 3975 vere
1556 3913 1642 3975 cultu
1673 3913 1837 3993 religionis

167 4022 227 4064 nec
259 4002 407 4065 caritatis
436 4004 542 4065 unitas
577 4013 688 4084 potest
722 4003 896 4066 subsistere
914 4001 944 4078 b)
984 4023 1043 4065 nec
1075 4004 1138 4065 deo
1170 4014 1297 4083 gratum
1329 4002 1451 4064 exiberi
1490 4003 1670 4076 servitium,
1702 4003 1837 4083 expedit

168 4092 355 4172 apostolice
387 4092 588 4166 auctoritati,
620 4093 788 4174 religiosos
821 4092 955 4172 diligere
975 4089 979 4176 Ι
1001 4102 1033 4153 et
1056 4112 1168 4153 eorum
1191 4091 1264 4153 loca
1291 4112 1351 4172 pro
1382 4101 1493 4153 sancte
1520 4092 1669 4153 Romane
1701 4090 1837 4152 ecclesie

168 4181 348 4242 munimine
361 4179 538 4242 defensare.
564 4182 709 4261 Dignum
725 4201 867 4262 namque
884 4192 916 4242 et
932 4180 1094 4243 honestati
1112 4183 1308 4243 conveniens
1324 4200 1395 4242 esse
1412 4180 1598 4255 dinoscitur,
1615 4187 1658 4253 ut,
1675 4180 1730 4261 qui
1747 4179 1788 4240 ad
1809 4179 1836 4258 c)

168 4269 381 4331 ecclesiarum
397 4269 542 4350 regimen
557 4271 714 4350 assumpti
737 4291 856 4345 sumus,
880 4290 935 4332 eas
958 4278 990 4331 et
1014 4290 1033 4331 a
1056 4289 1229 4351 pravorum
1254 4269 1399 4350 nequitia
1422 4280 1570 4331 tueamur
1592 4278 1624 4329 et
1647 4269 1735 4330 beati
1752 4268 1837 4330 Petri

168 4359 303 4438 eiusque
327 4358 510 4439 apostolice
533 4358 619 4421 sedis
643 4360 825 4440 patrocinio
854 4359 1045 4421 muniamus.
1091 4360 1282 4439 Eapropter,
1317 4358 1434 4419 dilecte
1467 4359 1498 4418 in
1531 4358 1665 4419 domino
1690 4356 1743 4431 fili,
1774 4357 1837 4419 tuis

169 4447 258 4509 iustis
289 4446 566 4528 postulationibus
598 4448 775 4510 clementer
805 4448 975 4509 annuimus
999 4458 1032 4510 et
1054 4448 1215 4528 prefatum
1247 4448 1495 4520 monasterium,
1527 4447 1577 4507 cui
1610 4456 1742 4508 auctore
1773 4446 1836 4508 deo

169 4556 301 4616 preesse
325 4536 511 4611 dinosceris,
535 4537 577 4599 ad
594 4531 785 4621 exempllar]
810 4536 1049 4618 predecessoris
1073 4538 1181 4610 nostri,
1208 4536 1308 4598 lelicis
1333 4537 1487 4597 memorie
1503 4535 1632 4597 Nlcolai
1656 4555 1743 4616 pape
1759 4549 1784 4597 11
1802 4532 1837 4616 8),

169 4626 228 4687 sub
261 4625 352 4687 beati
375 4625 461 4687 Petri
493 4636 526 4688 et
557 4633 667 4691 nostra
699 4627 904 4706 protectione
927 4627 1120 4706 suscipimus
1151 4635 1183 4686 et
1215 4625 1373 4705 presentis
1404 4625 1515 4706 scripti
1547 4624 1717 4705 privilegio
1750 4643 1836 4686 com·

169 4715 341 4776 munimus,
387 4713 584 4789 Statuentes,
608 4725 642 4776 ut
666 4734 887 4796 quascumque
911 4716 1143 4795 possessiones,
1168 4733 1372 4794 quecumque
1392 4714 1482 4775 bona
1504 4714 1591 4775 idem
1607 4713 1837 4774 monasterium

169 4803 199 4863 in
229 4803 469 4885 presentiarum
508 4803 591 4866 iuste
623 4814 656 4865 et
686 4805 843 4866 canonice
874 4804 1022 4884 possidet
1052 4815 1107 4865 aut
1136 4804 1167 4864 in
1202 4803 1342 4864 laturum
1373 4803 1584 4865 concessione
1623 4797 1836 4884 pontificulm,

169 4886 355 4976 largiti]0ne
378 4911 490 4973 regum
512 4892 564 4954 vel
587 4892 780 4973 principum,
809 4892 977 4954 oblatione
1000 4891 1144 4953 fidelium
1167 4912 1223 4953 seu
1247 4892 1318 4952 aliis
1349 4892 1439 4954 iustis
1468 4892 1575 4953 modis
1600 4891 1663 4953 deo
1694 4892 1838 4972 propitio

170 4982 292 5061 poterit
322 4981 468 5062 adipisci,
500 4981 593 5043 firma
616 4981 675 5043 tibi
694 4980 724 5060 d)
748 4983 875 5062 tuisque
898 4981 1138 5043 successoribus
1169 4988 1202 5042 et
1232 4980 1357 5042 illibata
1380 4991 1602 5062 permaneant.
1648 4980 1684 5042 ln
1709 4976 1838 5064 [quibus

329 5144 355 5199 a)
377 5137 425 5187 Or:
446 5137 598 5202 Ypopiensis
657 5139 684 5202 b)
704 5140 747 5188 der
763 5139 1008 5204 Verbindungsbalken
1026 5154 1073 5187 von
1091 5145 1112 5186 st
1127 5137 1184 5203 gelet
1201 5138 1267 5186 nieht
1283 5154 1336 5187 vam
1355 5139 1450 5197 dritten,
1469 5139 1571 5187 sandern
1591 5155 1644 5188 aem
1664 5146 1740 5188 ersten
1757 5155 1768 5186 s
1786 5156 1838 5197 aus,

170 5225 191 5258 er
206 5209 300 5259 scheba
316 5209 432 5259 demnaclt
444 5217 466 5258 st
474 5208 622 5273 geschrieben
639 5211 695 5260 und
709 5214 788 5276 spdter
799 5211 866 5260 ubsis
878 5212 1027 5276 erirgetragen
1045 5227 1074 5258 su
1085 5210 1133 5258 sein
1206 5223 1230 5264 c)
1250 5211 1308 5274 quia
1380 5210 1407 5275 d)
1426 5211 1503 5259 davor
1514 5213 1604 5261 Rasur.
1695 5211 1731 5275 .1)
1754 5210 1840 5275 Jacr'n·

170 5281 230 5343 thus,
258 5279 365 5346 Br‘schof
383 5296 431 5330 von
460 5282 549 5344 Gaeta,
576 5296 622 5330 aar
647 5286 782 5332 1154-ν.
811 5284 885 5331 1158.
993 5294 1019 5341 2)
1046 5281 1105 5330 War
1128 5281 1231 5344 aerleich
1257 5281 1481 5346 Is'ardinalpriester
1507 5283 1551 5332 der
1583 5281 1714 5332 riimisclten
1736 5281 1839 5331 Kirche.

171 5358 195 5417 3)
216 5350 296 5421 Jaffe',
313 5355 374 5418 A'eg.
394 5353 469 5402 3344.
511 5353 554 5403 Or.
576 5353 662 5414 (Santo
680 5354 787 5418 Stefana,
807 5352 887 5402 Maesa
906 5356 919 5401 1
938 5353 984 5402 Νν.
1005 5355 1032 5415 (i)
1051 5353 1083 5401 im
1101 5353 1215 5401 elrcleiuio
1234 5353 1260 5401 di
1277 5353 1343 5402 State
1362 5370 1391 5402 ru
1413 5353 1499 5404 Turia.
1909 5314 1970 5520 J

221 5462 242 5490 r.
257 5448 553 5498 Priuer-nursinae,
568 5449 625 5490 Aeta
639 5450 680 5491 111.
1599 5446 1629 5494 ¹9
