3982 6194
159 257 220 321 188

155 445 386 528 indulgencias,
419 465 483 527 que
515 444 547 508 in
578 442 696 508 eodem
728 445 803 507 loco
833 444 1030 526 transposite
1060 455 1093 508 et
1123 445 1284 508 absconse
1314 451 1390 507 sunt
1411 443 1464 506 vel
1494 442 1651 506 translate
1682 439 1726 504 ab
1754 438 1823 503 aliis

104 565 110 577 ·
155 536 298 599 ecclesiis
321 536 364 598 ad
388 535 572 616 cappellam
596 534 683 596 illam
707 533 842 597 Andezz
866 545 899 596 ct
922 534 1077 615 precipue
1100 537 1285 616 preciosum
1308 534 1495 596 thesaurum
1518 542 1551 595 et
1582 540 1823 594 sacramentum

154 626 256 688 sancti
281 625 425 688 Grecorii
449 644 537 706 pape
560 635 592 687 et
616 623 839 704 indulgencias
861 643 936 685 suas
960 622 1001 684 ad
1025 624 1089 685 hoc
1122 624 1254 705 largitas
1283 633 1434 704 tempore
1463 632 1497 684 et
1528 620 1645 684 diebus
1675 619 1720 681 ab
1752 619 1822 700 ipso

154 724 269 777 sancto
301 713 462 788 institutis
494 723 529 776 ut
559 733 578 775 a
609 712 849 775 successoribus
878 731 991 773 eorum
1014 726 1090 774 xxx
1112 712 1323 794 pontificibus
1353 722 1511 793 perpetue
1539 710 1719 783 duraturas,
1753 727 1822 790 per·

155 822 321 866 mansuras
344 805 376 864 in
400 802 518 865 eodem
542 802 616 864 loco
640 812 672 864 et
695 800 845 881 cappella
867 800 1003 863 Andezz
1027 811 1060 863 et
1082 821 1102 863 a
1125 803 1221 864 nobis
1243 800 1404 863 humiliter
1426 800 1469 861 ad
1491 799 1692 881 peticionem
1713 797 1821 859 devoti

154 891 209 954 filii
233 893 334 954 nostri
351 892 493 965 Ottonis‚
518 891 646 953 comitis
671 890 712 953 de
728 890 1004 962 Wolsorthausen,
1029 899 1062 952 et
1081 892 1192 953 uxoris
1212 910 1290 953 suae
1310 890 1450 953 devotae
1465 888 1597 962 lustitie,
1621 886 1690 950 filie
1704 897 1821 961 nostre,

154 981 307 1062 largimur
329 992 361 1044 et
384 980 607 1061 indulgencias
631 979 746 1041 damus
762 979 804 1041 ad
821 979 1005 1060 cappellam
1021 978 1156 1042 Andezz
1171 989 1328 1061 perpetue
1345 979 1513 1041 duraturas
1538 976 1662 1039 ibidem
1686 985 1821 1057 propter

154 1071 345 1133 memoriam
362 1070 562 1132 invencionis
578 1068 783 1149 reliquiarum
798 1065 829 1151 ¹),
847 1088 930 1149 quae
947 1069 1098 1132 inventae
1114 1069 1241 1132 suerunt
1258 1069 1343 1131 circa
1358 1070 1481 1142 horam,
1504 1065 1639 1148 quando
1655 1064 1822 1147 pulsantur

154 1179 249 1233 none,
274 1160 307 1221 in
331 1158 383 1220 die
404 1157 606 1230 assensionis,
630 1157 672 1219 ab
697 1157 750 1218 illa
773 1158 854 1219 hora
878 1178 964 1220 nona
987 1158 1147 1238 usquead
1164 1159 1278 1221 horam
1302 1177 1424 1219 nonam
1448 1156 1526 1219 ferie
1541 1165 1635 1218 sexte
1657 1153 1822 1234 sequentis

153 1260 231 1329 post
254 1248 339 1310 diem
363 1248 559 1310 assensionis
582 1267 696 1309 omnes
720 1247 945 1327 indulgenciae
967 1248 1070 1309 sancti
1095 1247 1250 1320 Grecorii,
1272 1246 1432 1320 videlicet,
1461 1264 1525 1326 que
1548 1243 1644 1306 simul
1668 1253 1703 1305 et
1724 1241 1821 1305 semel

154 1357 213 1418 per
235 1347 341 1399 totum
365 1355 485 1398 annum
509 1336 670 1398 habentur
693 1336 724 1397 in
748 1335 900 1417 cappella
915 1336 1071 1417 predicta,
1095 1357 1115 1398 a
1137 1346 1342 1399 sacramento
1358 1335 1461 1397 sancti
1478 1333 1624 1398 Grecorii
1650 1352 1670 1394 a
1689 1331 1822 1394 meridie

154 1425 321 1506 usquead
346 1425 513 1487 meridiem
538 1424 639 1499 durat,
671 1434 704 1487 et
733 1425 895 1487 invenitur
916 1425 959 1487 ab
983 1425 1137 1487 omnibus
1161 1425 1370 1505 querentibus
1393 1423 1483 1486 illam
1506 1422 1664 1485 confessis
1691 1431 1726 1483 et
1749 1439 1821 1481 con·

154 1515 244 1576 tritis.
291 1514 324 1576 A
348 1515 443 1576 nobis
466 1513 651 1593 specialiter
674 1523 789 1594 quarta
812 1534 888 1595 pars
911 1534 931 1575 a
953 1534 1040 1595 pena
1063 1524 1095 1576 et
1119 1514 1215 1595 culpa
1239 1524 1272 1576 et
1295 1534 1315 1575 a
1343 1513 1440 1575 nobis
1468 1512 1522 1574 illa
1552 1511 1662 1592 gracia
1693 1509 1823 1590 largitur

153 1605 306 1666 omnibus
329 1602 480 1665 fidelibus
504 1623 523 1663 a
547 1602 625 1665 seria
648 1613 742 1665 sexta
765 1612 842 1683 post
866 1602 953 1664 diem
977 1603 1172 1665 assensionis
1195 1603 1237 1665 ab
1261 1603 1316 1665 illo
1341 1602 1425 1665 festo
1450 1622 1509 1683 per
1529 1611 1595 1663 tres
1622 1599 1822 1680 septimanas

154 1692 330 1767 duraturas,
354 1691 507 1754 omnibus
530 1692 740 1772 querentibus
764 1691 860 1765 illam,
885 1703 1025 1772 quatuor
1047 1700 1234 1773 temporum
1250 1703 1326 1772 post
1343 1691 1460 1754 festum
1483 1689 1698 1753 exaltacionis
1713 1696 1822 1750 sancte

153 1782 255 1843 crucis
279 1781 358 1843 feria
381 1793 475 1843 sexta
497 1781 640 1843 sedecim
657 1780 727 1841 dies
743 1790 822 1861 post
842 1780 936 1842 illam.
976 1778 1019 1842 Et
1035 1782 1111 1862 quia
1134 1781 1283 1862 cappella
1305 1780 1460 1843 fabricata
1475 1788 1526 1842 est
1540 1781 1572 1841 in
1586 1776 1716 1839 honore
1729 1775 1823 1838 beate

153 1877 264 1932 nostre
288 1869 417 1932 domine
440 1869 694 1932 annunciationis
717 1871 785 1931 eius
809 1878 841 1931 et
864 1869 893 1930 in
918 1869 971 1932 die
995 1888 1085 1942 cene,
1110 1872 1141 1932 in
1164 1869 1217 1932 die
1233 1889 1414 1951 parasseve,
1437 1870 1470 1930 in
1492 1868 1546 1930 die
1569 1867 1823 1940 resurrectionis,

153 1966 370 2039 pentecostes,
394 1959 566 2020 nativitatis
583 1956 702 2020 Christi
718 1967 832 2037 quarta
848 1979 931 2039 pars,
955 1959 1101 2021 remissio
1123 1961 1270 2021 omnium
1286 1966 1497 2040 peccatorum
1513 1977 1532 2019 a
1548 1975 1654 2038 paena
1671 1963 1706 2018 et
1721 1954 1822 2035 culpa,

153 2055 187 2109 et
210 2049 240 2109 in
266 2047 320 2110 die
344 2048 586 2110 resurrectionis
609 2055 685 2109 ante
708 2047 787 2109 solis
811 2056 917 2109 ortum
941 2048 1021 2109 hora
1044 2050 1286 2110 resurrectionis
1302 2046 1420 2109 Christi
1436 2046 1619 2110 celebratur
1642 2064 1705 2107 una
1730 2043 1824 2106 missa

153 2156 263 2198 coram
287 2144 501 2210 sacrament0,
531 2138 615 2199 sicut
637 2146 766 2199 sanctus
792 2135 965 2198 Grecorius
989 2137 1074 2199 lecit.
1120 2137 1167 2199 Illi
1192 2157 1366 2218 nunquam,
1390 2138 1445 2217 qui
1470 2138 1634 2207 intersunt,
1657 2152 1822 2214 nunquam

153 2225 357 2288 descendunt
378 2226 421 2287 ad
444 2225 578 2304 aliquod
602 2227 835 2306 purgatorium,
858 2226 909 2287 vel
932 2226 1121 2289 sacerdotes
1145 2224 1347 2289 celebrantes
1372 2244 1411 2288 ea
1425 2224 1507 2287 hora
1522 2224 1768 2286 resurrectionis
1782 2240 1823 2283 ex

152 2315 334 2377 devocione
357 2313 402 2376 illi
428 2334 542 2377 omnes
566 2314 744 2395 largiuntur
766 2334 785 2375 a
809 2323 923 2377 sancto
941 2314 1097 2378 Grecorio
1119 2335 1183 2376 una
1197 2317 1338 2396 septima
1355 2334 1431 2396 pars
1446 2322 1656 2395 peccatorum
1673 2332 1693 2374 a
1708 2310 1780 2374 sola
1798 2310 1824 2393 ²)

154 2403 208 2466 illa
232 2405 340 2477 missa,
362 2411 395 2466 et
418 2401 525 2464 adhuc
548 2413 684 2482 possunt
707 2423 748 2465 eo
772 2404 826 2464 die
848 2405 880 2466 in
903 2404 974 2466 aliis
998 2403 1143 2466 ecclesiis
1166 2405 1231 2466 suis
1255 2404 1421 2466 celebrare
1444 2422 1503 2484 per
1526 2420 1721 2465 concessum
1737 2401 1823 2462 beati

154 2492 298 2556 Grecorii
314 2513 409 2573 pape,
431 2492 513 2553 sicut
532 2490 671 2553 habetur
687 2492 718 2554 in
735 2491 818 2554 libro
835 2492 986 2555 racionali
1002 2513 1101 2575 super
1116 2491 1188 2555 hoc.
1235 2490 1308 2576 ln(?)
1332 2492 1541 2573 indulgencia
1563 2490 1677 2552 addita
1695 2488 1725 2574 b)
1754 2507 1824 2570 pre

154 2583 261 2656 missa,
284 2599 383 2661 quam
406 2580 509 2662 largiti
533 2600 644 2643 sumus
668 2583 699 2643 in
722 2581 825 2643 tribus
842 2582 931 2644 sestis
947 2583 1103 2644 ecclesiae
1119 2584 1198 2644 etin
1215 2585 1357 2663 septimo
1374 2581 1506 2655 domini,
1528 2579 1593 2642 hoc
1609 2589 1660 2642 est
1676 2579 1824 2641 omnibus

154 2670 233 2733 feria
256 2680 351 2733 sexta
374 2679 451 2752 post
473 2669 561 2731 diem
586 2690 683 2750 pasce
707 2671 857 2733 omnibus
880 2671 1106 2734 sacerdotibus
1130 2672 1348 2744 concedimus,
1371 2679 1523 2752 presente
1543 2676 1758 2740 sacramento,
1782 2666 1824 2728 ob

154 2761 346 2822 memoriam
371 2760 531 2839 passionis
556 2758 679 2820 domini
704 2767 736 2820 et
759 2763 979 2841 apparicionis
1003 2763 1104 2823 sancti
1130 2757 1273 2822 Grecorii
1298 2780 1385 2841 pape
1409 2761 1529 2822 devote
1552 2754 1771 2820 recolentibus
1794 2763 1824 2817 et

153 2856 344 2911 venerantes
359 2846 424 2909 hoc
440 2856 677 2910 sacramentum
695 2848 767 2930 ipso
783 2850 836 2911 die
853 2850 930 2912 seria
946 2859 1047 2924 sexta,
1065 2849 1154 2931 quod
1171 2849 1249 2910 alius
1265 2849 1361 2911 alium
1378 2857 1489 2930 potest
1500 2847 1671 2911 absolvere
1684 2845 1727 2908 ab
1740 2844 1823 2906 omni

154 2936 399 3018 irregularitate.
445 2936 496 3010 Et,
521 2936 583 3015 qui,
607 2946 760 3018 presente
783 2948 999 3013 sacramento,
1023 2941 1111 3001 omni
1134 2941 1218 3001 ando
1243 2937 1306 3000 hoc
1330 2938 1415 3012 lacit,
1437 2937 1490 3001 ille
1512 2938 1542 2999 in
1567 2936 1630 2998 fine
1645 2937 1734 2997 vitae
1748 2952 1824 2995 suae

154 3033 265 3106 potest
286 3026 347 3089 sibi
371 3025 492 3106 eligere
516 3025 748 3100 consessorem,
773 3030 827 3107 qui
852 3027 953 3090 habet
976 3048 1050 3090 eum
1074 3026 1244 3091 absolvere
1267 3028 1309 3089 ab
1333 3028 1421 3088 omni
1441 3046 1526 3108 pena
1541 3033 1575 3088 et
1590 3024 1697 3105 culpa.
1743 3020 1823 3085 Con·

154 3117 301 3178 cedimus
335 3116 432 3179 etiam
466 3134 596 3177 omnem
622 3114 864 3196 indulgenciam
888 3125 921 3180 et
944 3119 1085 3199 graciam
1108 3119 1210 3179 sancti
1243 3116 1349 3178 fratris
1373 3113 1517 3179 Grecorii
1547 3134 1636 3197 pape
1666 3113 1762 3196 primi
1793 3120 1825 3173 et

155 3203 385 3266 confirmamus
409 3223 490 3277 eam,
522 3223 603 3284 quas
634 3205 706 3286 ipse
738 3204 869 3287 largitus
901 3214 951 3269 est
982 3208 1023 3268 ad
1048 3206 1111 3268 hoc
1133 3214 1389 3279 sacramentum,
1422 3214 1455 3267 et
1478 3204 1531 3267 illa
1554 3208 1772 3285 permaneant
1793 3209 1825 3262 et

154 3293 273 3356 durent
297 3295 382 3355 circa
405 3300 642 3355 sacramentum
668 3293 851 3374 predictum
881 3304 914 3357 et
946 3295 1129 3378 cappellam
1154 3294 1289 3358 Andezz
1318 3303 1350 3357 et
1379 3294 1561 3357 inhibemus
1592 3291 1756 3365 omnibus,
1785 3308 1824 3353 ne

154 3382 268 3462 aliquis
290 3390 528 3444 sacramentum
553 3383 736 3461 predictum
765 3393 797 3446 et
828 3384 981 3465 reliquias
1012 3387 1165 3465 deportat
1195 3386 1238 3446 de
1269 3384 1343 3447 loco
1378 3392 1411 3446 et
1443 3381 1593 3466 cappella
1617 3379 1762 3454 Andezz,
1794 3387 1824 3442 et

154 3471 216 3546 ille,
240 3472 294 3551 qui
317 3473 518 3554 deportaret,
541 3472 582 3532 sit
606 3470 798 3534 maledictus
822 3482 854 3535 et
877 3475 1188 3546 excommunicatus,
1211 3493 1352 3554 persona
1375 3483 1408 3537 et
1431 3473 1531 3547 locus,
1555 3479 1642 3534 terra
1665 3476 1824 3542 contacta,

155 3561 210 3622 ubi
233 3582 358 3623 moram
381 3560 515 3624 traxerit
538 3580 610 3621 cum
629 3559 772 3639 reliquiis
794 3561 958 3642 predictis.
997 3560 1217 3624 Concedimus
1238 3563 1338 3625 eciam
1357 3562 1402 3625 ob
1419 3563 1610 3625 memoriam
1628 3560 1824 3621 invencionis

155 3649 360 3729 reliquiarum
383 3650 414 3711 in
438 3649 492 3712 die
516 3650 712 3711 assensionis
736 3652 821 3712 circa
843 3649 967 3727 horam,
992 3652 1124 3733 quando
1143 3650 1309 3732 pulsantur
1324 3672 1419 3724 none,
1443 3651 1486 3714 ab
1501 3650 1555 3712 illa
1571 3648 1708 3712 meridie
1724 3666 1824 3726 usque

153 3738 196 3800 ad
222 3739 389 3801 meridiem
416 3738 495 3800 lerie
518 3746 612 3801 sexte
635 3747 712 3819 post
734 3739 818 3801 diem
852 3742 1059 3815 assensionis,
1091 3749 1205 3821 quarta
1238 3760 1312 3822 pars
1336 3761 1355 3803 a
1378 3761 1464 3822 pena
1494 3749 1527 3802 et
1550 3737 1645 3819 culpa
1678 3756 1739 3819 per
1762 3746 1824 3799 tres

153 3829 367 3911 septimanas,
397 3834 571 3909 sequentes
606 3827 852 3908 perduraduras,
885 3838 919 3891 et
948 3849 966 3890 a
996 3830 1130 3892 meridie
1159 3849 1263 3910 usque
1295 3830 1337 3892 ad
1371 3829 1556 3901 meridiem,
1586 3828 1670 3890 sicut
1700 3845 1823 3908 preme·

155 3919 361 3991 moravimus,
385 3936 404 3979 a
426 3916 480 3978 die
503 3917 695 3978 assensionis
718 3917 814 3979 simul
834 3927 867 3979 et
883 3919 985 3981 semel
1002 3939 1115 3981 omnes
1130 3919 1360 3999 indulgencias,
1385 3938 1466 3999 quas
1482 3918 1614 3999 largitus
1630 3924 1681 3978 est
1697 3922 1823 3978 sanctus

155 4004 327 4068 Grecorius
352 4014 385 4067 et
400 4026 460 4068 nos
475 4005 517 4067 ad
534 4014 772 4068 sacramentum
789 4008 971 4088 predictum
988 4017 1021 4070 et
1036 4009 1077 4070 ad
1096 4007 1248 4086 reliquias
1264 4008 1433 4089 predictas·
1447 4006 1597 4070 omnibus
1614 4004 1823 4085 querentibus

155 4094 242 4157 illam
265 4103 299 4157 et
322 4095 442 4158 devote
465 4094 677 4175 suscipientes
709 4114 781 4157 eam
812 4096 854 4158 ad
886 4099 1083 4178 peticionem
1117 4099 1245 4159 comitis
1276 4098 1318 4160 de
1342 4096 1610 4160 Wollorthausen
1641 4103 1674 4156 et
1698 4093 1823 4156 Iusticie

155 4184 327 4258 comitisse,
349 4185 469 4245 devote
493 4183 558 4245 filie
582 4192 701 4258 nostre,
724 4193 757 4246 et
780 4185 821 4246 ad
847 4188 1036 4249 memoriam
1061 4187 1258 4248 invencionis
1282 4186 1487 4267 reliquiarum
1511 4192 1712 4248 sanctorum.
1743 4182 1823 4246 Con·

155 4272 302 4334 cedimus
325 4273 477 4335 omnibus
500 4272 642 4335 ecclesiis
665 4281 699 4334 et
722 4273 797 4336 loco
820 4276 927 4338 vicino
959 4275 1104 4337 eiusdem
1136 4275 1296 4357 cappelle,
1327 4279 1382 4355 qui
1415 4275 1614 4356 indulgentia
1634 4272 1662 4357 c)
1685 4273 1823 4343 veniunt,

156 4382 229 4424 cum
253 4361 382 4424 vexillis
404 4382 517 4423 eorum
541 4361 620 4423 feria
650 4370 743 4424 sexta
774 4373 850 4444 post
880 4365 968 4427 diem
1001 4367 1216 4438 assensionis,
1248 4367 1300 4427 isti
1333 4385 1448 4428 omnes
1480 4364 1677 4445 participent
1707 4362 1751 4424 de
1782 4363 1822 4422 in·

156 4450 332 4531 dulgenciis
355 4452 520 4533 predictis,
543 4452 570 4512 si
595 4453 683 4512 omni
707 4472 791 4514 anno
814 4451 879 4515 hoc
909 4453 1037 4515 faciunt.
1083 4454 1281 4534 Precipimus
1314 4453 1462 4517 omnibus
1486 4452 1631 4516 ecclesiis
1662 4450 1823 4534 parochiis

156 4559 213 4603 seu
238 4539 380 4621 capellis,
405 4540 591 4620 presbiteris
615 4540 658 4601 ibi
682 4541 907 4614 residentibus,
931 4561 994 4621 que
1018 4542 1174 4604 collatura
1198 4544 1302 4605 estin
1328 4543 1474 4606 manibus
1490 4542 1620 4605 comitis
1638 4537 1823 4603 Perchtoldi

157 4629 199 4691 de
222 4628 380 4691 Anndezz
403 4628 454 4691 vel
476 4648 574 4709 super
597 4628 716 4706 quibus
739 4638 788 4692 est
811 4631 989 4693 advocatus
1005 4629 1039 4715 ²),
1065 4640 1097 4695 et
1121 4632 1312 4694 mandamus
1343 4632 1404 4693 sub
1429 4651 1513 4713 pena
1536 4631 1669 4693 maioris
1693 4647 1824 4692 excom·

157 4719 384 4781 municationis
408 4726 440 4779 et
464 4717 614 4780 omnibus
638 4720 794 4798 personis,
818 4739 903 4799 quae
926 4728 1076 4801 spectant
1099 4722 1141 4782 ad
1166 4730 1305 4783 castrum
1330 4721 1514 4802 predictum
1539 4729 1572 4782 et
1601 4739 1676 4781 cum
1700 4717 1825 4781 vexillis

157 4815 190 4870 et
221 4806 365 4886 reliquiis
396 4814 582 4868 sanctorum
615 4815 648 4867 et
679 4826 752 4868 cum
783 4827 881 4870 censu
914 4828 1040 4883 eorum,
1072 4811 1156 4871 sicut
1187 4808 1401 4872 Perchtoldus
1433 4829 1554 4884 comes,
1587 4808 1673 4870 filius
1705 4816 1824 4880 noster,

158 4897 322 4959 ordinavit
351 4902 385 4958 et
414 4895 578 4958 constituit
608 4893 653 4956 ob
683 4899 874 4959 memoriam
898 4899 947 4960 sui
979 4898 1020 4959 ad
1053 4898 1214 4979 capellam
1245 4897 1389 4973 Andezz,
1419 4908 1452 4960 et
1483 4897 1527 4961 ibi
1558 4898 1697 4960 offerant
1729 4914 1826 4979 super

158 5060 197 5069 ...-
203 5055 351 5065 --—--—-

317 5142 342 5207 a)
360 5141 408 5190 Am
426 5139 519 5199 Raude,
537 5140 570 5188 im
593 5141 663 5190 Texle
681 5141 736 5190 solo
808 5144 834 5207 b)
854 5162 894 5195 ant
914 5146 1007 5207 Raude,
1026 5146 1059 5194 im
1082 5145 1151 5194 Teate
1169 5146 1236 5194 adita
1307 5150 1331 5199 cl
1350 5161 1390 5193 am
1408 5146 1501 5205 Raude,
1519 5146 1552 5194 im
1568 5146 1639 5195 Teste
1658 5144 1824 5209 indulgencie.

158 5217 266 5280 -..1)
291 5214 370 5278 Vergl.
390 5212 453 5260 daau
471 5209 528 5261 MS.
541 5219 569 5275 p.
584 5217 633 5260 43:
649 5213 763 5263 Scientes
787 5231 875 5266 omnes
900 5216 992 5266 Christi
1010 5217 1106 5279 fideles,
1131 5218 1199 5281 quod
1217 5231 1303 5266 comes
1321 5215 1382 5265 Otto
1405 5217 1437 5266 de
1455 5217 1662 5267 Wolsorlhausen
1687 5216 1826 5281 impetravit

158 5286 273 5336 adhunc
294 5286 379 5335 locum
398 5290 422 5332 et
445 5283 587 5347 kappellam
611 5285 726 5334 finndess
752 5286 816 5336 hanc
842 5288 953 5353 graciam
982 5295 1006 5338 et
1031 5289 1077 5336 has
1105 5289 1274 5353 indulgencias
1292 5305 1307 5336 a
1324 5288 1427 5338 domino
1451 5290 1604 5338 Innocencio
1630 5304 1698 5353 papa
1716 5287 1826 5337 secundo

158 5364 262 5423 propter
279 5358 396 5422 reliquias
414 5361 511 5404 sanctas
530 5362 554 5404 et
572 5371 684 5420 magnas,
703 5374 767 5422 quae
786 5360 810 5407 in
829 5360 919 5409 eadem
938 5361 1038 5425 kapella
1057 5361 1213 5424 requiescunt
1233 5367 1257 5409 et
1275 5360 1414 5409 absconsae
1434 5367 1496 5419 sunt,
1524 5377 1586 5425 quas
1604 5361 1724 5425 reliquias
1743 5375 1826 5408 comes

158 5430 284 5495 predictus
303 5430 392 5479 dolose
411 5432 435 5476 el
453 5426 620 5476 fraudulenter
639 5429 671 5477 ad
690 5444 717 5479 se
735 5431 880 5491 intromisit,
908 5448 959 5481 non
984 5439 1087 5497 propter
1105 5433 1196 5481 malam
1216 5438 1240 5481 et
1257 5432 1366 5496 iniquam
1385 5433 1553 5482 intencionem
1580 5433 1622 5481 vel
1640 5432 1825 5496 deceptionem,

159 5502 204 5551 sed
222 5508 325 5566 propter
342 5501 409 5566 piam
428 5504 453 5547 et
471 5514 588 5564 magnam
610 5500 784 5550 devocionem.
815 5504 904 5552 Vorlrer
918 5504 990 5568 geht:
1007 5506 1048 5554 De
1067 5519 1141 5552 cruce
1159 5504 1294 5552 victoriosa
1312 5505 1442 5568 quomodo
1460 5504 1556 5569 perdita
1575 5510 1599 5553 et
1615 5519 1701 5553 rursus
1720 5504 1824 5552 inventa

160 5577 187 5639 2)
207 5572 263 5624 MS.
282 5575 375 5623 Am:
399 5570 563 5620 Perchtoldus
590 5571 615 5619 in
642 5574 692 5622 suis
716 5575 823 5637 posteris
842 5582 866 5624 et
884 5575 1018 5625 heredibus
1035 5582 1072 5625 est
1096 5576 1240 5635 advocatus,
1267 5590 1324 5624 nam
1350 5576 1404 5640 ipse
1423 5576 1589 5625 Perchtoldus
1613 5577 1663 5625 iam
1692 5577 1824 5625 lactus-est

159 5644 311 5698 monachus:
331 5651 371 5696 aut
391 5643 432 5695 hic
451 5658 534 5693 sermo
552 5650 590 5693 est
609 5644 641 5693 de
659 5644 809 5695 Perchtoldo
828 5647 932 5698 iuniore.
