3982 6194
845 1112 910 1189 Nr.
946 1117 978 1188 1.

101 1276 129 1329 tt
149 1259 318 1344 Gregorl
335 1260 429 1325 theilt
447 1261 533 1326 allen
558 1263 692 1327 Fr'irsten
714 1265 783 1343 mit,
805 1285 843 1327 er
863 1264 1017 1347 bestdtrgr
1040 1264 1113 1327 dem
1132 1263 1262 1328 Kloster
1282 1262 1458 1327 St-Pierre
1481 1263 1521 1326 de
1538 1261 1647 1329 Rauen
1662 1266 1749 1329 seina

68 1351 313 1414 Besitatltiimer
333 1351 403 1414 und
423 1351 642 1433 weigelrende
665 1350 799 1433 Recita,
828 1353 971 1418 verleilte
997 1353 1064 1416 ilem
1091 1352 1152 1416 den
1184 1352 1332 1435 Vorrang
1350 1373 1410 1415 vor
1431 1353 1571 1417 anderen
1597 1354 1748 1419 Klo‘stern

382 1438 572 1505 Neusln'ens
587 1442 656 1505 und
669 1443 850 1506 unterstelle
865 1465 899 1507 es
913 1443 974 1507 der
983 1441 1190 1525 prt'pstlichen
1206 1442 1386 1505 Adnotatie
1403 1447 1440 1523 ¹).

814 1561 996 1622 590-604.

231 1689 348 1754 Totius
382 1691 472 1754 orbis
504 1692 723 1774 principibus,
755 1691 937 1757 machinam
970 1694 1082 1756 mundi
1112 1692 1174 1756 sub
1205 1691 1336 1756 Christo
1369 1693 1517 1776 principe
1551 1693 1747 1774 regentibus,

68 1779 279 1860 presentibus
301 1781 426 1844 scilicet
458 1788 491 1843 et
513 1780 635 1855 futuris
668 1779 846 1863 Gregorius
869 1786 1059 1846 meritorum
1085 1781 1240 1863 qualitate
1265 1781 1392 1844 infimus
1415 1783 1477 1844 sub
1502 1780 1620 1845 Christi
1643 1784 1746 1864 gratia

67 1877 181 1931 sancte
206 1868 355 1932 Romane
387 1870 458 1933 sedi
491 1869 643 1953 prelatus.
689 1868 860 1934 Summum
893 1892 973 1947 esse,
1006 1892 1089 1954 quos
1122 1871 1230 1934 divine
1261 1870 1336 1933 fidei
1361 1879 1394 1932 et
1426 1870 1609 1953 apostolice
1634 1873 1748 1934 maies-

67 1960 144 2019 tatis
168 1957 325 2020 nobilitas
357 1958 470 2041 religio
502 1968 639 2032 constat,
675 1968 710 2021 ut
733 1959 839 2023 fructu
871 1982 1008 2045 operum
1033 1968 1066 2024 et
1090 1960 1208 2023 ellectu
1232 1980 1339 2023 rerum
1371 1969 1460 2022 certa
1483 1961 1749 2023 demonstrantur

68 2046 239 2129 obsequia.
274 2047 418 2128 Quando
434 2050 475 2111 ad
493 2068 540 2123 ea,
563 2045 634 2133 (ad)
650 2068 715 2129 que
738 2049 972 2113 catholicorum
997 2071 1109 2132 regum
1135 2051 1236 2113 corda
1252 2047 1493 2131 pontificalibus
1517 2057 1593 2112 sunt
1616 2052 1748 2113 monitis

67 2136 300 2218 provocanda,
331 2138 376 2199 ita
407 2138 534 2200 ardenti
558 2139 729 2213 desiderio,
763 2140 872 2202 divina
897 2143 1107 2222 preveniente
1130 2141 1249 2221 gratia,
1273 2137 1530 2214 subcenduntur,
1565 2143 1613 2200 ut'
1629 2137 1670 2200 ab
1702 2140 1748 2202 eis

67 2226 155 2288 ultro
173 2235 359 2306 poscantur,
381 2235 474 2289 tanto
490 2235 564 2289 sunt
578 2227 673 2289 letius
690 2229 914 2303 concedenda,
937 2239 1061 2312 quanto
1078 2249 1124 2303 ea,
1149 2248 1213 2309 que
1230 2229 1374 2310 cupiunt,
1397 2230 1423 2289 si
1442 2227 1556 2290 nolent
1574 2230 1605 2305 ει)
1630 2227 1746 2305 lacere,

67 2315 135 2396 peti
168 2314 360 2377 debuerant.
417 2315 557 2379 Proinde
590 2319 680 2379 iuxta
711 2316 848 2380 filiorum
880 2339 1025 2381 meorum
1060 2316 1423 2401 precellentissimorum
1457 2319 1596 2398 scripta,
1632 2336 1744 2398 regum

67 2402 335 2482 Brunechildis¹)
359 2425 398 2467 ac
421 2406 551 2487 nepotis
575 2407 642 2468 eius
665 2405 862 2469 Theoderici
875 2407 913 2485 ⁸),
937 2410 1136 2471 monasterio
1159 2408 1263 2468 sancti
1286 2406 1382 2482 Petri,
1406 2405 1633 2487 apostolorum
1659 2409 1746 2488 prin·

66 2495 161 2574 cipis,
196 2493 285 2574 quod
321 2502 371 2555 est
401 2496 500 2557 situm
537 2496 568 2557 in
605 2494 752 2577 partibus
784 2495 937 2560 Neustrie
968 2507 1060 2560 extra
1092 2515 1203 2559 muros
1231 2492 1451 2576 Rothomagie
1483 2495 1622 2557 civitatis
1652 2493 1747 2557 huius

69 2583 161 2645 modi
185 2582 392 2664 privilegium
416 2585 618 2646 auctoritatis
645 2594 755 2647 nostre
778 2586 912 2649 decreto
943 2586 1161 2669 indulgemus,
1193 2593 1226 2647 et
1250 2585 1329 2647 illud
1363 2584 1487 2666 plenius
1518 2584 1747 2647 confirmamus

68 2671 284 2753 privilegium,
318 2673 451 2752 quoda
481 2673 569 2736 bone
603 2675 759 2737 memorie
783 2675 918 2738 domino
943 2697 1029 2758 papa
1053 2676 1176 2749 Leone,
1209 2675 1402 2737 comittante
1434 2673 1638 2736 illustrissimi
1663 2676 1747 2755 regis

68 2758 227 2823 Clotharii
261 2760 448 2834 clemencia,
483 2764 546 2844 ipsi
569 2763 654 2838 loco,
687 2762 747 2825 sub
783 2763 995 2827 anathematis
1026 2764 1157 2827 vinculo
1190 2772 1241 2826 cst
1272 2783 1463 2826 concessum
1494 2763 1545 2825 vel
1576 2763 1747 2837 indultum,

67 2850 283 2912 concedimus
307 2859 407 2930 atque
437 2845 612 2914 firmamus.
658 2849 863 2928 Statuentes‚
896 2854 1017 2917 nullum
1042 2873 1169 2935 regum,
1200 2854 1379 2916 antistitum
1413 2851 1463 2914 vel
1492 2852 1651 2925 iudicum,
1683 2851 1747 2914 ulla

66 2958 266 3019 quacunque
286 2939 315 3015 b)
339 2941 517 3022 predittum
541 2941 708 3022 dignitate,
743 2961 789 3019 ea,
814 2963 879 3024 que
902 2943 1030 3026 prefato
1060 2943 1135 3006 loco
1169 2951 1282 3005 sancto
1307 2961 1462 3004 concessa
1486 2950 1561 3004 sunt
1589 2940 1641 3003 vel
1672 2961 1746 3003 con-

66 3027 224 3103 ferentur,
257 3028 318 3091 sub
349 3029 520 3093 cuiuslibet
554 3032 734 3094 occasionis
766 3033 879 3114 specie
911 3034 1057 3096 minuere
1085 3032 1137 3095 vel
1161 3031 1298 3094 aufferre
1330 3030 1381 3093 vel
1409 3032 1475 3093 suis
1507 3030 1619 3093 usibus
1643 3029 1746 3112 appli-

67 3137 157 3191 care,
191 3117 251 3180 sed
287 3128 420 3193 cuncta,
456 3138 521 3199 que
551 3121 615 3183 deo
648 3122 865 3183 servientibus
897 3121 1064 3185 monachis
1097 3121 1208 3184 oblata
1237 3129 1313 3183 sunt
1339 3119 1391 3182 vel
1421 3120 1530 3183 offerri
1562 3120 1745 3200 contigerit,

65 3205 240 3287 perhemni
263 3216 415 3288 tempore
439 3207 560 3271 illibata
583 3217 616 3271 et
638 3211 710 3272 sine
732 3209 842 3290 aliqua
872 3211 1093 3293 inquietudine
1116 3210 1267 3273 volumus
1291 3210 1459 3291 possideri,
1488 3228 1600 3272 eorum
1625 3207 1746 3283 usibus,

65 3315 128 3377 pro
163 3315 304 3375 quorum
339 3297 598 3360 substentatione
633 3318 789 3361 concessa
823 3309 916 3375 sunt,
957 3301 1064 3363 modis
1100 3300 1251 3363 omnibus
1287 3298 1465 3380 profutura.
1525 3297 1746 3361 Concedimus

64 3387 183 3458 eciam,
213 3394 264 3459 ut,
296 3385 439 3449 obeunte
462 3386 592 3461 abbate,
625 3408 688 3449 non
711 3386 791 3450 alius
815 3388 857 3452 ibi
883 3409 1076 3470 quacunque
1101 3388 1294 3452 obiectionis
1317 3389 1441 3450 astucia
1466 3388 1648 3460 ordinetur,
1685 3387 1744 3448 nisi

64 3493 167 3555 quem
199 3476 384 3537 communis
415 3494 591 3538 consensus
621 3475 856 3540 monachorum
889 3478 1023 3559 elegerit
1045 3487 1102 3541 aut
1125 3477 1301 3561 previderit
1324 3478 1552 3540 ordinandum.
1600 3473 1746 3538 Caveant

63 3572 177 3625 autern
196 3563 313 3645 prefati
331 3563 480 3627 monachi
497 3567 723 3647 symoniacam
746 3566 896 3642 heresim,
921 3588 961 3630 ne
978 3568 1130 3650 potencia
1147 3587 1258 3648 regum
1275 3567 1327 3628 vel
1351 3566 1527 3628 antistitum
1544 3567 1696 3627 conventi
1717 3567 1744 3642 c)

64 3651 145 3714 loco
170 3654 310 3734 pastoris
334 3655 514 3735 suscipiant
537 3663 719 3735 tyrannum,
751 3657 841 3735 quod
866 3659 1001 3719 omnino
1026 3656 1093 3720 fieri
1118 3656 1337 3738 prohibemus,
1367 3664 1399 3717 et
1423 3655 1563 3717 eundem
1588 3653 1743 3716 abbatem

64 3760 166 3803 causa
182 3741 401 3804 ordinacionis
416 3762 474 3805 sue
489 3742 612 3824 aliquid
629 3743 716 3817 dare,
740 3764 928 3826 presumere
936 3743 969 3830 (Ι)
986 3747 1317 3819 excommunicamus,
1341 3763 1381 3806 ne
1398 3741 1459 3806 hac
1476 3743 1656 3817 occasione,
1680 3761 1745 3821 que

65 3849 86 3891 a
120 3828 272 3893 fidelibus
308 3831 368 3912 piis
402 3829 483 3893 locis
518 3832 698 3895 offeruntur
730 3834 781 3896 vel
817 3834 928 3897 oblata
958 3845 1051 3910 sunt,
1087 3842 1362 3898 consummantur.
1408 3833 1617 3895 Auctoritate
1650 3832 1746 3913 igitur

66 3919 177 3982 divina
201 3921 272 3982 vice
303 3919 392 3982 beati
415 3921 509 3996 Petri,
538 3921 764 4003 apostolorum
796 3924 957 4007 principis,
989 3944 1150 3988 consensu
1184 3925 1272 3987 omni
1295 3922 1518 3985 Romanorum
1552 3920 1743 4002 pontificum

66 4017 101 4070 et
125 4008 297 4072 voluntate
329 4011 434 4072 tocius
458 4019 588 4073 senatus
611 4009 761 4085 Romani,
791 4013 948 4077 suadente
980 4014 1078 4077 nobis
1106 4015 1177 4076 viro
1206 4011 1392 4095 apostolico
1416 4011 1588 4084 Melancio,
1619 4009 1745 4073 Rotho·

66 4100 179 4179 magie
201 4098 292 4161 urbis
322 4096 572 4183 archiepiscopo
589 4099 627 4184 ⁴),
650 4109 683 4163 et
706 4103 793 4165 omni
818 4102 946 4165 favente
970 4099 1075 4168 Gallie
1106 4105 1339 4186 episcoporum
1371 4101 1500 4176 iudicio,
1531 4099 1745 4173 decernimus,

67 4195 103 4248 ut
128 4186 233 4249 nullus
260 4186 592 4272 archiepiscoporum,
625 4190 867 4272 episcoporum,
900 4190 1202 4255 archidiaconorum
1234 4191 1349 4253 fratres
1373 4189 1499 4271 prefate
1523 4188 1666 4262 basilice,
1702 4188 1745 4250 de

67 4276 279 4339 ordinacione
307 4277 358 4339 sui
388 4277 517 4341 abbatis
547 4278 600 4341 vel
632 4278 922 4343 ecclesiasticorum
954 4281 1113 4363 graduum
1148 4282 1373 4363 assumptione
1406 4279 1582 4359 inquietet,
1613 4278 1671 4340 sed
1695 4297 1745 4340 se·

68 4365 212 4429 cundum
247 4365 449 4448 privilegium
481 4376 628 4430 nostrum
660 4368 901 4434 ordinacionem
926 4372 974 4433 sui
1008 4370 1138 4434 abbatis
1176 4371 1239 4452 ipsi
1262 4368 1393 4443 fratres,
1425 4386 1665 4448 aquocunque
1688 4387 1745 4430 vo·

66 4454 185 4518 luerint
208 4455 370 4536 pontifice,
394 4456 425 4518 in
450 4457 568 4520 eodem
593 4460 793 4521 monasterio
816 4469 975 4542 peragant
990 4468 1023 4522 et
1039 4459 1333 4523 ecclesiasticorum
1358 4458 1518 4539 graduum
1542 4456 1744 4538 dignitatem,

39 4543 256 4626 ‚ubicunque
279 4544 419 4620 libuerit,
450 4547 629 4629 suscipiant
652 4546 704 4609 vel
727 4549 761 4610 in
784 4567 845 4611 suo
868 4549 1066 4612 monasterio
1090 4548 1266 4612 celebrent.
1314 4546 1587 4609 Consecrationes
1611 4564 1745 4627 quoque

66 4633 211 4696 loncium
237 4642 270 4695 et
293 4634 434 4696 scrutinii
459 4635 601 4698 misteria
624 4635 771 4699 similiter
801 4636 928 4701 saciant.
977 4636 1142 4701 Crismatis
1166 4656 1299 4718 quoque
1322 4656 1360 4699 ac
1384 4636 1457 4709 olei,
1482 4634 1602 4710 altaris,
1627 4633 1744 4710 calicis,

66 4721 258 4804 corporalis,
291 4743 311 4785 a
344 4742 542 4808 quocunque
572 4725 735 4787 voluerint
768 4726 932 4807 pontifice,
967 4727 1230 4790 benedictionem
1266 4733 1424 4809 expetant
1441 4723 1481 4803 d).
1532 4721 1603 4786 Nec
1636 4731 1745 4786 tantus

66 4810 176 4875 honor
198 4832 367 4894 aquoque
390 4813 628 4888 intermittatur,
651 4834 712 4877 nec
734 4814 867 4878 vilescat
890 4825 981 4880 tante
1004 4816 1212 4880 sublimitatis
1235 4815 1336 4889 locus,
1361 4833 1458 4895 quem
1484 4813 1591 4894 capud
1616 4832 1745 4875 monas·

66 4902 224 4963 teriorum
248 4902 352 4964 tocius
374 4900 528 4966 Neustrie
552 4904 786 4978 constituimus,
819 4905 1002 4986 nulliusque
1023 4905 1150 4969 dittioni
1180 4907 1324 4988 patimur
1353 4923 1425 4966 esse
1448 4902 1641 4965 subiectum.
1677 4901 1744 4965 Sed

65 4989 128 5052 sub
159 4990 383 5054 advocacione
415 4991 501 5055 beati
524 4992 610 5055 Petri
643 5000 676 5054 et
705 5013 930 5057 successorum
956 4998 1057 5078 ipsius
1088 5003 1288 5076 permaneat.
1335 4991 1459 5056 Omnes
1484 5010 1617 5073 quoque
1641 4990 1745 5053 archi·

65 5080 246 5161 episcopos
277 5080 422 5143 eiusdem
454 5081 590 5144 civitatis
620 5082 665 5143 ob
693 5102 839 5146 amorem
871 5084 959 5147 beati
984 5085 1078 5158 Petri,
1110 5084 1334 5167 apostolorum
1359 5083 1531 5164 principis,
1564 5082 1595 5141 in
1627 5081 1743 5142 eadem

65 5167 207 5231 ecclesia
235 5171 415 5232 consecrari
445 5171 652 5252 precipimus,
684 5191 798 5235 omnes
830 5173 931 5236 eciam
962 5174 1101 5237 abbates
1125 5174 1215 5254 capis
1237 5171 1338 5235 laneis
1362 5179 1499 5244 utantur,
1531 5171 1621 5251 ipsos
1646 5171 1743 5232 etiam

64 5257 249 5321 monachos
281 5255 413 5321 lintheis
443 5267 476 5322 et
505 5259 627 5322 villosis
658 5259 750 5323 lineis
781 5262 826 5324 uti
860 5265 1069 5347 precipimus.
1116 5258 1234 5324 Omnia
1267 5280 1401 5343 quoque
1432 5259 1552 5323 iudicia
1580 5257 1745 5333 secularia,

229 5458 254 5517 ι)
273 5453 360 5503 volent
430 5454 458 5514 1))
477 5468 623 5518 quecunque
708 5456 732 5520 ε)
750 5455 778 5503 ob
796 5456 973 5508 circumventi?
1046 5457 1074 5523 d)
1094 5463 1235 5521 expectant.
1255 5495 1304 5502 -
1326 5460 1361 5524 a)
1387 5455 1457 5506 Diese
1473 5454 1530 5503 und
1553 5453 1591 5502 die
1611 5454 1745 5518 folgenden

63 5523 221 5588 Abschn'stm
243 5540 290 5573 aus
313 5525 357 5574 der
372 5524 611 5574 Natimalbibliotfiek
627 5541 657 5573 zu
677 5526 750 5575 Paris
775 5528 895 5576 verdarrke
921 5529 958 5579 ich
978 5528 1062 5577 Herm
1079 5529 1128 5578 Dr.
1147 5530 1177 5577 Α.
1204 5528 1238 5576 W
1239 5528 1344 5578 einitr.
1430 5531 1456 5587 2)
1475 5524 1618 5583 amentiae,
1638 5523 1745 5589 fibmgin

62 5596 109 5645 der
125 5595 254 5654 amm,
278 5612 310 5644 su
330 5596 395 5646 Tode
409 5596 534 5662 geschleist
551 5598 610 5648 613.
720 5605 748 5667 3)
769 5598 912 5649 Theoderici
926 5601 961 5661 II,
981 5599 1065 5665 Ko'nigr
1089 5600 1134 5649 der
1149 5599 1277 5660 Frankm,
1302 5601 1449 5649 696—612.
1557 5606 1585 5663 4)
1606 5594 1744 5652 halamius,

64 5666 215 5732 Εηύὺώσ]
227 5682 276 5716 von
294 5668 387 5728 Rauen,
405 5685 426 5720 c.
446 5669 596 5719 naa-001.

118 5776 140 5806 v.
155 5765 451 5816 Nion-liutmun,
467 5766 525 5808 Acta
538 5767 580 5808 111.
1523 5761 1533 5796 ¹
