3982 6194
270 448 291 542 †
314 460 388 543 Ego
411 450 600 525 Manfredus
623 456 783 544 presbiter
806 456 975 527 cardinalis
998 462 1044 528 tit.
1067 474 1179 529 sancte
1202 458 1321 528 Savine
1343 484 1384 528 ss.

270 546 291 630 †
314 551 388 632 Ego
411 548 583 614 Aribertus
606 552 767 631 presbiter
790 552 960 616 cardinalis
983 556 1030 616 tit.
1054 563 1165 617 sancte
1189 553 1361 616 Anastasie
1384 574 1425 615 ss.

271 636 291 717 †
315 639 389 721 Ego
412 639 508 702 lulius
532 641 692 722 presbiter
715 641 883 704 cardinalis
906 645 953 705 tit.
977 647 1079 706 sancti
1105 644 1250 706 Marcelli
1274 663 1315 704 ss.

270 725 291 809 ’ς
315 725 387 810 Ego
411 728 585 792 Hubaldus
609 730 771 811 presbiter
793 732 965 793 cardinalis
989 735 1036 794 tit.
1060 743 1172 795 sancte
1196 731 1308 795 Crucis
1331 735 1363 794 in
1388 734 1562 795 Ierusalem
1586 753 1627 793 ss.

270 814 291 897 †
314 815 388 899 Ego
412 816 522 881 Guido
546 819 707 900 presbiter
731 818 898 882 cardinalis
921 824 969 884 tit
992 822 1132 884 Pastoris
1155 842 1196 884 ss.

270 902 291 985 †
315 905 388 987 Ego
413 904 611 971 Octavianus
634 908 795 990 presbiter
818 911 987 972 cardinalis
1011 913 1058 973 tit.
1084 920 1194 972 sancte
1218 909 1337 973 Cecilie
1360 930 1401 972 ss.
1425 914 1473 990 (ι)

270 990 291 1074 †
315 992 388 1077 Ego
410 994 569 1059 Astaldus
593 998 754 1079 presbiter
777 998 949 1060 cardinalis
971 1000 1017 1062 tit.
1042 1009 1152 1062 sancte
1176 999 1284 1061 Prisce
1307 1019 1347 1060 ss.

271 1080 388 1165 †Ego
412 1083 575 1148 Gerardus
606 1087 767 1169 presbiter
793 1088 963 1150 cardinalis
985 1091 1034 1150 tit.
1058 1091 1160 1151 sancti
1184 1087 1342 1170 Stephani
1375 1091 1406 1150 in
1431 1087 1524 1152 Celio
1548 1096 1658 1150 monte
1680 1108 1722 1151 ss.

269 1173 291 1252 †
314 1170 386 1255 Ego
398 1174 559 1238 Iohannes
571 1177 733 1258 presbiter
744 1177 916 1239 cardinalis
927 1188 1113 1240 sanctorum
1124 1177 1272 1240 Iohannis
1281 1187 1314 1238 et
1322 1174 1436 1261 P(auli)
1443 1180 1491 1240 tit
1505 1177 1668 1240 Pamachii
1681 1198 1721 1238 ss.

269 1297 314 1307 —
337 1262 357 1343 †
380 1263 452 1344 Ego
477 1263 554 1327 Odo
579 1264 735 1328 diaconus
759 1265 929 1328 cardinalis
960 1269 1061 1328 sancti
1087 1265 1217 1348 Georgii
1249 1268 1289 1328 ad
1313 1265 1431 1328 Velum
1456 1287 1586 1329 aureum
1611 1287 1651 1330 ss.
1676 1263 1722 1349 (1)

270 1351 292 1429 †
314 1352 387 1433 Ego
411 1350 689 1435 GG.(Gregorius)
712 1354 868 1417 diaconus
891 1356 1063 1418 cardinalis
1085 1359 1188 1418 sancti
1211 1354 1332 1437 Angeli
1355 1375 1396 1417 ss
1420 1352 1468 1437 (1)

270 1439 292 1519 †
311 1439 384 1522 Ego
409 1439 517 1505 Guido
540 1444 697 1506 diaconus
720 1445 892 1506 cardinalis
914 1453 1026 1507 sancte
1052 1444 1155 1508 Marie
1178 1448 1209 1506 in
1233 1446 1362 1507 Porticu
1385 1464 1427 1505 ss.

270 1529 292 1607 †
314 1529 387 1611 Ego
410 1530 548 1594 iacintus
571 1534 727 1595 diaconus
751 1532 921 1595 cardinalis
945 1542 1056 1596 sancte
1080 1534 1181 1595 Marie
1203 1534 1233 1595 in
1257 1531 1450 1613 Cosmydyn
1473 1553 1513 1594 ss.
1539 1529 1608 1613 (ιο)

215 1616 293 1679 Dat
315 1618 476 1695 Laterani,
499 1641 558 1703 per
581 1641 711 1684 manum
735 1622 881 1696 Rolandi,
905 1632 1015 1685 sancte
1031 1623 1178 1710 Romane
1201 1623 1338 1685 ecclesie
1361 1622 1533 1703 presbiteri
1556 1619 1723 1682 cardinalis

59 1715 86 1767 et
99 1704 288 1769 cancellarii
308 1712 346 1791 al.
385 1709 472 1772 111d.
488 1708 633 1772 Ianuarii.
672 1711 853 1774 indictione
868 1712 1020 1773 secunda.
1058 1712 1288 1774 incarnationis
1304 1712 1467 1774 dominice
1488 1731 1573 1773 anno
1590 1721 1723 1771 Meum.

58 1793 267 1857 Pontificatus
290 1815 368 1859 vero
392 1798 505 1860 domni
529 1798 692 1862 Anastasii
708 1817 758 1861 1111
782 1799 842 1861 ΡΡ.
866 1821 951 1862 anno
975 1802 1090 1881 primo,

220 1909 265 1958 Or.
284 1910 316 1958 r'nr
334 1910 448 1960 Archivr'o
470 1912 601 1976 Capitolare
617 1929 647 1961 ru
664 1914 756 1972 Aram,
775 1913 831 1961 und
844 1914 969 1980 Abschrist
985 1914 1039 1963 XL.
1060 1918 1082 1962 ti.
1098 1921 1125 1978 p.
1139 1917 1179 1972 54,
1198 1913 1224 1962 in
1243 1914 1286 1962 der
1303 1913 1366 1962 Bibl.
1385 1913 1519 1961 Barbarina
1537 1928 1566 1959 au
1584 1915 1652 1960 Rom.

219 1981 290 2046 Prrg.
314 1984 375 2041 irat,
399 1984 434 2031 br.
454 1986 522 2043 0,-66,
548 1986 608 2049 lang
625 1986 707 2044 0,815‚
733 1993 806 2033 uuten
825 1988 884 2044 0,Οό
908 1985 1101 2050 umgeschlagrn,
1125 1985 1202 2033 durch
1221 1989 1237 2034 2
1257 1985 1349 2033 deher
1367 1984 1424 2049 geht
1450 1985 1487 2033 die
1510 2001 1564 2032 rosa
1587 1984 1643 2032 und
1660 1984 1726 2047 gelhe

60 2051 246 2111 Srrilerrscherur,
273 2053 343 2102 deren
371 2054 426 2103 Bler'
447 2058 562 2105 verlorm.
598 2056 705 2121 Frrltung
728 2057 771 2105 der
793 2057 890 2105 Bullen.
928 2058 966 2106 Im
993 2057 1134 2121 Konscriptc
1163 2057 1221 2105 sind
1244 2057 1282 2105 die
1308 2057 1404 2105 ll'anrm
1428 2055 1471 2104 der
1497 2056 1583 2118 Pri'pae
1604 2056 1724 2119 halblang,

60 2124 90 2172 die
104 2124 146 2172 des
167 2123 280 2188 Propstes
296 2126 352 2174 und
366 2126 410 2174 der
426 2127 537 2192 Bischhsc
561 2127 586 2175 in
611 2127 703 2176 hleinm
722 2127 862 2193 Majusheln
883 2129 1039 2195 geschriebrn.
1081 2128 1237 2193 Vercwr'grmg
1253 2128 1302 2177 Nr.
1320 2133 1335 2177 2
1355 2127 1422 2175 rtarh
1448 2129 1552 2186 veniert,
1572 2128 1641 2191 firllt
1658 2130 1724 2185 0,12.

59 2198 128 2244 Arnen
154 2195 203 2248 Nr.
224 2194 288 2246 tx’.
325 2199 387 2245 Rutu
411 2197 457 2246 Nr.
478 2202 499 2255 1,
527 2199 560 2247 im
585 2199 759 2248 Darchmesser
782 2202 852 2259 0,05.
889 2199 1072 2265 Monogramm,
1107 2201 1203 2263 Gruppr
1222 2203 1244 2256 6,
1270 2199 1327 2247 hoch
1351 2201 1443 2257 0,051,
1472 2199 1531 2247 hreit
1549 2199 1634 2260 tho-36.
1672 2199 1727 2245 Dus

59 2267 191 2332 Rrirghreua
208 2268 269 2334 stiga
284 2268 333 2316 eine
350 2268 426 2334 er'gene
443 2270 558 2335 rothgelbe
575 2271 656 2330 Dinte,
676 2272 713 2320 die
734 2270 870 2335 Umschrrst
887 2272 936 2320 eine
949 2273 1113 2335 grarrtrnrrne,
1132 2271 1169 2319 die
1190 2270 1353 2335 Unterrchrift
1370 2271 1419 2319 eine
1436 2270 1545 2317 hhnlr'che
1563 2270 1619 2318 aber
1634 2269 1725 2327 hellen,

58 2338 89 2386 rie
105 2340 239 2403 Datimng
264 2339 350 2388 hellere
375 2342 413 2388 als
439 2342 482 2390 der
500 2341 680 2406 Haupthdrper,
708 2343 766 2390 doch
790 2343 856 2390 wohl
872 2342 961 2408 gleiche
979 2344 1066 2402 Hand,
1093 2344 1138 2390 das
1156 2343 1178 2390 R
1196 2343 1305 2390 Rolands
1323 2342 1412 2390 scheint
1429 2342 1473 2389 mit
1489 2341 1583 2405 er'gcnrr
1599 2341 1728 2388 dunklrrer

59 2410 127 2458 Dina
144 2411 298 2477 erirgetragen
322 2427 352 2460 sn
374 2412 431 2461 sein.
468 2414 516 2462 Die
534 2414 713 2481 ngenfirmen
735 2415 830 2480 ergehen
853 2430 907 2462 mm
928 2420 1051 2479 grdrserm
1072 2413 1151 2463 Theile
1174 2414 1223 2462 eine
1241 2413 1331 2478 gleichc
1352 2413 1471 2462 schwane
1497 2413 1572 2461 Dinte
1594 2413 1649 2460 und
1670 2413 1729 2460 sind

57 2482 163 2547 mabar
185 2482 313 2532 ther'lwer'se
333 2483 397 2532 auch
420 2499 468 2533 von
488 2484 593 2550 gleicher
610 2486 689 2534 Hand
706 2486 824 2551 gemacht.
860 2486 917 2535 Das
934 2501 959 2535 ss
981 2487 1043 2536 Odor
1066 2485 1165 2534 beritirt
1181 2485 1226 2533 dns
1244 2484 1428 2551 hhnogramm,
1453 2485 1502 2533 sein
1522 2484 1726 2549 Intrrpmhtr'ons-

56 2554 142 2603 rcichen
160 2554 223 2603 steht
239 2555 266 2603 in
284 2555 420 2604 demselbrn.

800 2841 867 2916 Nr.
900 2847 985 2918 130.

54 2970 253 3036 Anastasius
267 2971 293 3035 J
297 2969 329 3034 V
341 2968 492 3053 bestritr'gt
511 2972 584 3035 dem
601 2972 751 3052 Bischose
773 2973 934 3038 Theobald
952 2996 1013 3038 von
1039 2973 1158 3039 Verona
1178 2974 1232 3038 die
1248 2971 1484 3038 Bestiathie'mer
1501 2973 1604 3036 seines
1623 2971 1726 3035 Horh·

449 3062 564 3141 stistes,
588 3061 721 3126 welches
735 3083 773 3126 er
787 3064 821 3126 in
836 3065 1065 3147 apostolischen
1081 3064 1203 3127 Schutz
1218 3062 1342 3128 rzrinmt.

650 3198 732 3258 1154
748 3196 882 3270 Januar
894 3199 948 3259 29.
985 3196 1135 3260 Lateran.

217 3321 413 3389 Anastasius
430 3327 616 3408 episcopus,
631 3347 742 3391 servus
757 3347 924 3392 servorum
941 3330 1003 3403 dei,
1019 3329 1196 3391 venerabili
1213 3327 1303 3391 fratri
1320 3324 1528 3400 Theobaldo,
1543 3324 1725 3386 Veronensi

54 3417 228 3498 episcopo,
253 3418 387 3494 eiusque
410 3415 660 3492 successoribus,
684 3420 840 3481 canonice
870 3418 1114 3492 substituendis,
1138 3432 1175 3480 IN
1198 3430 1274 3479 PPM.
1299 3452 1342 3462 —
1361 3412 1366 3500 Ι
1387 3414 1423 3476 ln
1455 3415 1607 3476 eminenti
1640 3415 1727 3475 sedis

54 3505 242 3586 apostolice
276 3504 424 3586 specula,
455 3506 651 3585 disponente
681 3507 832 3582 domino,
868 3507 1033 3570 constituti
1071 3507 1183 3569 iratres
1221 3515 1349 3569 nostros
1379 3504 1554 3585 episcopos
1586 3502 1727 3565 fraterna

55 3592 218 3656 debemus
250 3597 384 3657 caritate
416 3594 552 3675 diligere
585 3602 618 3656 et
650 3595 801 3669 ecclesiis,
831 3596 894 3658 sibi
925 3616 944 3657 a
972 3598 1037 3658 deo
1057 3596 1087 3675 b)
1119 3597 1310 3668 commissis,
1341 3602 1477 3676 paterna
1509 3591 1727 3654 sollicitudine

56 3683 244 3764 providere.
289 3680 467 3763 Quocirca,
498 3683 688 3747 venerabilis
719 3686 752 3746 in
777 3682 906 3747 Christo
940 3684 1055 3760 irater,
1088 3683 1283 3747 Theobalde
1306 3685 1478 3764 episcope,
1508 3683 1572 3742 tuis
1601 3683 1692 3742 iustis
1720 3678 1723 3753 l

56 3772 331 3853 postulationibus
344 3772 522 3835 clementer
532 3775 710 3847 annuimus,
727 3783 760 3835 et
772 3775 1013 3856 predecessoris
1026 3775 1135 3847 nostri,
1151 3773 1249 3835 felicis
1260 3773 1417 3835 memorie
1433 3790 1520 3851 pape
1530 3770 1681 3831 EUGENH
1694 3769 1726 3846 Ι),

55 3862 202 3942 vestigiis
218 3860 412 3938 inherentes,
437 3861 534 3924 beate
550 3862 603 3924 dei
620 3865 783 3943 genitricis
799 3882 996 3945 semperque
1011 3864 1143 3945 virginis
1160 3863 1280 3940 Malus
1299 3860 1524 3922 Veronensem
1547 3858 1727 3932 ecclesiam,

57 3952 107 4012 cui
133 3951 199 4013 deo
224 3960 358 4014 auctore
390 3969 523 4033 preesse
549 3951 738 4027 dinosceris
770 3952 831 4014 sub
861 3952 949 4015 beati
973 3952 1058 4014 Petri
1090 3959 1123 4013 et
1153 3959 1264 4013 nostra
1295 3951 1501 4032 protectione
1533 3949 1726 4029 suscipimus

56 4048 90 4100 et
120 4042 283 4121 presentis
313 4040 425 4121 scripti
458 4038 625 4121 privilegio
656 4043 904 4104 communimus.
951 4038 1148 4115 Statuentes,
1179 4048 1215 4102 ut
1244 4057 1466 4118 quascumque
1494 4037 1727 4118 possessiones,

56 4147 267 4210 quecumque
289 4129 378 4191 bona
400 4130 516 4192 eadem
540 4129 678 4192 ecclesia
701 4131 733 4192 in
759 4132 991 4210 presentiarum
1016 4132 1098 4191 iuste
1131 4138 1163 4192 et
1194 4131 1350 4192 canonice
1383 4128 1531 4208 possidet
1550 4132 1577 4204 c)
1608 4135 1663 4188 aut
1695 4128 1726 4188 in

57 4215 203 4280 futurum
227 4218 438 4281 concessione
461 4217 660 4300 pontificum,
689 4219 857 4302 largitione
880 4238 992 4300 regum
1016 4219 1068 4281 vel
1092 4219 1281 4300 principum,
1312 4215 1479 4279 oblatione
1502 4215 1646 4277 fidelium
1669 4235 1725 4278 seu

58 4305 129 4369 aliis
151 4309 245 4369 iustis
268 4308 385 4381 modis,
408 4315 574 4388 prestante
598 4308 741 4382 domino,
765 4310 887 4390 poterit
909 4309 1054 4389 adipisci,
1079 4307 1170 4370 firma
1194 4307 1253 4369 tibi
1275 4309 1405 4384 tuisque
1427 4303 1670 4366 successoribus
1694 4314 1727 4367 et

58 4394 182 4459 illibata
198 4404 420 4477 permaneant.
458 4396 494 4458 ln
512 4397 628 4478 quibus
644 4395 705 4483 hec
721 4398 861 4480 propriis
876 4397 1029 4460 duximus
1046 4397 1260 4478 exprimenda
1275 4393 1456 4456 vocabulis:
1493 4395 1725 4455 monasterium

57 4487 162 4547 sancti
177 4483 325 4560 Zenonis,
347 4488 579 4548 monasterium
603 4494 790 4549 sanctorum
806 4488 906 4549 Firmi
930 4494 963 4548 et
979 4486 1111 4559 Rustici,
1137 4486 1368 4547 monasterium
1391 4484 1492 4545 sancti
1508 4480 1635 4545 Nazarii
1652 4503 1726 4545 cum

57 4574 213 4636 omnibus
229 4594 341 4636 eorum
358 4574 567 4655 pertinentiis,
591 4574 743 4638 ecclesias
764 4577 865 4657 ipsius
881 4577 1029 4648 civitatis,
1045 4573 1168 4636 Arcem
1186 4572 1371 4636 maleficinis
1387 4592 1460 4634 cum
1477 4573 1565 4634 omni
1582 4572 1726 4635 dominio

57 4670 91 4725 et
115 4663 263 4726 districto
287 4672 320 4724 et
343 4664 491 4726 omnibus
508 4665 710 4745 pertinentiis
725 4664 798 4739 suis,
822 4664 953 4745 plebem
970 4665 1116 4726 eiusdem
1133 4662 1228 4725 Arcis
1245 4682 1317 4724 cum
1336 4661 1486 4724 omnibus
1503 4660 1636 4741 capellis
1652 4663 1725 4735 suis,

56 4755 107 4814 ius
131 4761 278 4814 vestrum
301 4755 333 4814 in
358 4762 463 4815 castro
487 4753 578 4832 quod
601 4754 719 4815 dicitur
740 4753 860 4827 Turris,
886 4760 1025 4815 castrum
1052 4751 1160 4837 Garde
1184 4772 1257 4814 cum
1282 4752 1406 4813 cunctis
1432 4750 1630 4830 appenditiis
1652 4752 1727 4824 suis,

57 4841 193 4922 plebem
211 4841 356 4903 eiusdem
372 4841 433 4903 loci
446 4862 519 4904 curn
532 4843 681 4904 omnibus
694 4842 758 4903 suis
767 4842 908 4924 capellis,
921 4841 1053 4923 plebem
1064 4843 1106 4903 de
1119 4842 1260 4922 Caprino
1273 4860 1347 4901 cum
1359 4841 1424 4900 suis
1438 4838 1580 4919 capellis,
1594 4838 1725 4920 plebem

58 4932 101 4991 de
118 4929 184 4992 Avi
209 4950 282 4992 cum
300 4931 456 5012 cappellis
472 4940 505 4993 et
521 4931 664 5006 decimis,
687 4930 819 5012 plebem
843 4933 885 4993 de
900 4931 1098 4993 Bruntonico
1120 4950 1193 4992 cum
1211 4928 1367 5010 cappellis
1383 4938 1416 4989 et
1432 4928 1576 5001 decimis,
1593 4928 1724 5009 plebem

58 5020 102 5081 de
118 5018 247 5082 Cisiano
271 5038 343 5081 cum
368 5019 523 5101 cappellis
548 5028 580 5082 et
596 5020 738 5093 decimis,
762 5019 894 5101 plebem
912 5019 952 5080 de
968 5019 1101 5100 Lagisio
1118 5039 1190 5080 cum
1209 5016 1364 5099 cappellis
1380 5024 1413 5079 et
1428 5017 1570 5090 decimis,
1595 5016 1724 5097 plebem

58 5108 102 5171 de
117 5109 236 5171 Tenesi
261 5128 334 5170 cum
351 5108 508 5190 cappellis
525 5117 558 5171 et
573 5109 716 5182 decimis,
740 5109 872 5190 plebem
889 5107 931 5169 de
947 5108 1100 5189 Paveguli
1116 5128 1188 5169 cum
1206 5105 1362 5188 cappellis
1379 5114 1412 5168 et
1427 5105 1569 5179 decimis,
1592 5107 1723 5187 plebem

59 5196 102 5258 de
116 5196 255 5260 Lenado
271 5216 344 5260 cum
361 5197 516 5280 cappellis
532 5205 566 5261 et
588 5198 721 5261 decimis
744 5205 777 5259 et
800 5196 943 5271 castello,
966 5199 1197 5258 monasterium
1218 5196 1261 5257 de
1278 5196 1459 5276 Maguzano
1476 5215 1548 5256 cum
1566 5196 1724 5275 cappellis

59 5297 92 5348 et
116 5287 253 5349 decimis
282 5298 315 5349 et
344 5288 548 5368 pertinentiis
570 5288 644 5362 suis,
677 5297 800 5348 curtem
832 5287 873 5348 de
896 5285 1038 5349 Sinziani
1063 5305 1137 5346 cum
1161 5295 1267 5347 castro
1292 5292 1324 5346 et
1348 5285 1500 5346 omnibus
1523 5285 1725 5364 pertinentiis

59 5377 131 5451 suis,
164 5375 299 5457 plebem
322 5377 467 5439 eiusdem
491 5376 554 5439 loci
578 5396 652 5440 cum
680 5375 815 5438 decimis
844 5386 877 5438 et
907 5374 1039 5455 capellis
1069 5375 1143 5450 suis,
1175 5373 1367 5437 Rivatellam
1398 5392 1471 5435 cum
1504 5374 1661 5454 cappellis
1693 5387 1726 5438 et

60 5465 204 5541 decimis,
235 5464 368 5546 plebem
391 5465 500 5529 Sirmii
524 5486 598 5529 cum
629 5464 786 5546 cappellis
817 5475 850 5527 et
873 5464 1016 5538 decimis,
1049 5464 1282 5526 monasterium
1311 5463 1413 5525 sancti
1436 5459 1561 5543 Vigilii,
1593 5463 1724 5544 plebem

218 5662 245 5727 a)
264 5659 282 5709 ii
299 5659 351 5726 arcs
362 5662 447 5711 Rarur
517 5659 543 5721 b)
563 5659 597 5708 do
669 5659 694 5725 c)
712 5657 835 5723 possides.
861 5695 899 5702 -
924 5657 960 5722 ,1)
982 5653 1060 5722 Jaffe',
1079 5658 1138 5723 lr'cg.
1159 5659 1236 5707 ⁶152.

107 5770 129 5802 v.
141 5755 435 5808 rrius-nuum,
451 5756 507 5797 acu
520 5756 562 5797 ur.
1485 5733 1516 5786 ιδ
