3982 6194
320 270 343 332 6

321 458 373 522 Ex
397 466 489 542 parte
513 468 622 523 autem
645 480 703 522 sua
736 460 912 543 supradicti
944 462 1090 524 canonici
1121 466 1314 542 acceperant
1352 456 1526 519 ecclesiam
1558 457 1601 521 de
1623 455 1820 521 Hesmereio
1845 456 1877 517 in
1899 452 1983 517 Viro·

323 550 489 612 mandensi
515 570 611 631 pago,
644 550 675 611 in
700 550 803 613 Roeio
828 570 976 613 mansum
1000 551 1267 613 indominicatum
1293 566 1366 610 cum
1390 547 1482 609 terris
1507 546 1655 629 optimis,
1688 548 1721 610 in
1746 546 1823 611 Cais
1847 562 1984 615 mansum

323 638 587 701 indominicatum
623 659 696 701 cum
722 652 771 703 vt1
795 640 914 702 mansis
948 647 981 702 et
1015 640 1152 702 dimidio
1185 638 1228 700 illi
1264 637 1433 710 subiectis,
1468 637 1498 697 in
1523 635 1665 699 Marisco
1701 656 1802 699 unum
1838 654 1984 697 mansum

322 727 547 791 Benivolentia
563 728 659 810 igitur
679 727 761 791 illius
781 730 871 791 ducti
894 730 1058 808 tantisque
1074 729 1224 811 precibus
1240 727 1383 789 inclinati
1401 724 1580 788 inviolabili
1596 726 1791 788 auctoritate
1814 724 1985 797 statuimus,

323 825 358 879 ut
370 818 400 879 in
411 818 563 899 proprios
580 837 655 880 usus
670 816 731 880 hec
748 820 857 881 omnia
868 819 1055 900 supradicta
1072 819 1243 881 memorati
1256 814 1442 879 eternaliter
1453 822 1587 878 teneant
1598 816 1756 878 canonici.
1783 812 1986 877 Decrevimus

322 907 430 981 etiam,
446 914 481 967 ut
497 925 560 985 que
573 928 591 969 a
604 907 762 989 religiosis
778 905 969 970 christicolis
986 909 1110 971 noviter
1125 908 1202 969 data
1218 906 1398 989 possident,
1414 906 1540 985 absque
1553 904 1618 967 ulla
1633 904 1832 986 repetitione
1847 921 1905 965 seu
1919 920 1986 963 con·

321 995 516 1057 tradictione
531 1004 677 1058 teneant:
702 997 734 1059 in
752 996 966 1060 Noviomensi
983 998 1106 1061 scilicet
1122 1019 1210 1080 pago
1226 996 1441 1059 hereditatem
1458 995 1627 1077 optimam,
1652 993 1683 1056 in
1698 992 1877 1055 Laciniaco
1892 988 1987 1053 villam

322 1106 341 1147 a
357 1082 532 1147 Heroardo
548 1084 650 1148 milite
667 1084 727 1147 illis
744 1105 945 1162 concessam,
969 1088 1000 1148 in
1017 1085 1268 1150 Viromandensi
1285 1105 1372 1168 pago
1389 1085 1565 1166 Crupeium
1582 1102 1656 1146 cum
1673 1081 1820 1156 ecclesia,
1836 1098 1935 1161 quarn
1949 1079 1990 1141 eis

322 1174 460 1236 dederat
477 1173 597 1236 Cecilia
614 1182 772 1249 matrona,
796 1177 827 1237 in
843 1175 945 1239 Hislei
962 1185 1064 1239 terras
1079 1177 1184 1240 bonas
1199 1197 1218 1239 a
1232 1173 1378 1238 Gontero
1394 1182 1427 1237 et
1443 1173 1605 1237 Hersinde
1620 1172 1724 1247 datas,
1738 1171 1771 1235 iu
1788 1169 1990 1235 Camberona

322 1264 431 1325 vineas
448 1269 481 1325 et
495 1269 597 1325 terras
614 1263 816 1327 aRamelino
833 1266 977 1339 traditas,
996 1268 1027 1329 in
1043 1266 1257 1329 Noviomensi
1274 1282 1407 1346 quoque
1424 1283 1511 1345 pago
1528 1260 1667 1325 villulam
1681 1259 1860 1343 Spinetum
1876 1259 1990 1321 dictam

323 1372 396 1414 cum
422 1350 613 1414 molendinis
638 1360 671 1415 et
694 1354 846 1416 omnibus
869 1356 911 1417 ad
936 1355 1022 1417 illam
1047 1355 1284 1437 pertinentibus
1307 1354 1396 1416 dono
1413 1352 1569 1414 Amelrici
1593 1359 1626 1415 et
1646 1348 1729 1423 Ode,
1754 1370 1815 1413 sue
1839 1348 1979 1411 conius

322 1449 519 1523 susceptam,
542 1441 573 1502 in
597 1442 769 1505 Besincort
791 1441 1006 1506 hereditatem
1032 1464 1096 1523 que
1120 1442 1177 1505 fuit
1193 1442 1351 1504 Remelini
1367 1462 1386 1503 a
1402 1440 1559 1515 Rotrude‚
1582 1460 1641 1503 sua
1664 1441 1814 1521 coniuge,
1838 1436 1902 1501 illis
1923 1456 1980 1499 con

322 1550 465 1603 cessam,
500 1531 533 1591 in
555 1528 809 1594 Viromandensi
835 1534 913 1595 item
945 1533 1106 1594 territorio
1139 1533 1217 1595 illud
1250 1532 1383 1604 donum,
1415 1530 1503 1610 quod
1535 1550 1597 1612 pro
1630 1529 1778 1592 remedio
1809 1528 1919 1591 anime
1940 1544 1991 1587 su

323 1620 488 1682 canonicis
523 1622 686 1682 concessit
719 1618 920 1684 Hadevuidis
952 1623 982 1683 in
1017 1621 1203 1684 Dalmereio
1235 1628 1269 1682 et
1299 1623 1330 1682 in
1361 1619 1502 1681 Hatonis
1537 1626 1645 1694 curte,
1678 1636 1811 1681 omnem
1844 1614 1991 1679 videlice

323 1706 549 1782 hereditatem,
573 1727 669 1787 quam
695 1709 738 1772 ibi
762 1711 969 1792 possederat,
1000 1711 1069 1773 sine
1101 1711 1209 1774 liberis
1233 1711 1317 1772 enim
1350 1728 1447 1771 omne
1470 1710 1537 1771 vite
1559 1728 1617 1771 sue
1640 1716 1772 1789 tempus
1793 1704 1973 1787 transigera

324 1796 396 1860 Hec
420 1797 527 1860 omnia
551 1799 740 1879 supradicta
763 1807 796 1862 et
820 1819 948 1881 queque
972 1801 1015 1863 ab
1039 1802 1181 1880 antiquis
1211 1799 1419 1881 temporibus
1449 1798 1508 1879 ipsi
1533 1795 1683 1859 canonici
1705 1796 1737 1858 in
1759 1794 1903 1858 ecclesia
1924 1812 1981 1875 pos

322 1886 523 1949 sessionibus
546 1894 717 1949 tenuerant
740 1897 774 1950 et
797 1907 861 1967 que
884 1887 1011 1962 abhinc,
1042 1891 1106 1951 deo
1131 1897 1301 1962 annuente,
1325 1888 1436 1950 addita
1459 1888 1497 1948 iis
1520 1886 1648 1971 fuerint,
1671 1884 1779 1947 stabili
1803 1884 1991 1947 auctorita·

323 1977 519 2049 sanccimus,
552 1983 586 2037 ut
615 1977 760 2038 iamdicti
798 1986 910 2039 sancte
934 1979 1037 2041 Marie
1061 1978 1207 2042 canonici
1236 1979 1267 2039 in
1299 1977 1450 2059 proprios
1475 1995 1549 2039 usus
1579 1982 1711 2037 teneant
1733 1972 1908 2055 nullusque
1930 1971 1991 2033 sin

324 2065 472 2146 corporis
502 2072 535 2126 et
566 2064 672 2127 anime
700 2066 898 2129 detrimento
923 2068 968 2129 eis
998 2069 1039 2130 de
1063 2066 1122 2130 hiis
1146 2066 1301 2131 molestus
1326 2068 1454 2129 existat.
1501 2064 1535 2129 Si
1559 2064 1631 2145 quis
1654 2071 1762 2126 autem
1786 2067 1980 2145 presumpto

323 2161 378 2216 aut
400 2154 591 2215 temerarius
614 2153 760 2216 inventus
789 2154 899 2231 fuerit,
934 2159 1002 2220 sive
1036 2157 1178 2232 clericus,
1212 2159 1280 2219 sive
1304 2155 1413 2231 laicus,
1446 2156 1501 2235 qui
1529 2155 1572 2216 de
1595 2151 1671 2227 hiis,
1703 2170 1769 2232 que
1791 2150 1960 2235 apostolat
1986 2178 1991 2185 ι

324 2242 424 2305 nostri
448 2262 583 2304 censura
605 2263 704 2326 super
726 2242 790 2306 hoc
811 2246 1024 2320 decrevimus,
1049 2246 1167 2328 aliquid
1192 2245 1330 2308 evellere
1352 2245 1564 2326 temptaverit
1586 2241 1696 2305 autin
1719 2242 1833 2323 aliquo
1858 2238 1944 2303 minu
1984 2277 1991 2289 ·

323 2340 379 2394 aut
402 2332 607 2414 disrumpere
631 2337 874 2417 presumpserit,
897 2336 985 2408 sciat,
1017 2355 1053 2397 se
1077 2337 1130 2398 dei
1155 2336 1391 2417 omnipotentis
1414 2334 1494 2397 odio
1518 2340 1552 2396 et
1573 2331 1698 2394 domini
1722 2330 1837 2404 nostri,
1867 2334 1977 2411 apost·

323 2421 427 2483 lorum
453 2421 606 2503 principis
631 2421 716 2484 Petri
739 2432 838 2505 atque
862 2424 958 2498 Pauli,
983 2433 1015 2486 et
1038 2426 1181 2487 omnium
1206 2432 1390 2486 sanctorum
1414 2421 1629 2485 anathematis
1652 2417 1781 2484 vinculo
1804 2418 1987 2482 innodatur

325 2517 453 2572 etcum
485 2509 617 2572 diabolo
647 2520 747 2594 atque
775 2534 849 2576 cum
873 2512 962 2588 luda,
994 2514 1151 2577 traditore
1184 2515 1307 2576 domini
1337 2513 1436 2575 nostri
1465 2513 1537 2575 lesu
1561 2508 1689 2584 Christi,
1722 2508 1828 2571 eterni
1859 2506 1985 2571 incend'

323 2599 487 2681 supplicio
511 2602 797 2677 concremandum,
828 2623 887 2665 nec
912 2624 1053 2684 unquam
1080 2604 1210 2686 prefato
1234 2601 1441 2665 anathemate
1465 2599 1710 2673 absolvendum,
1740 2597 1801 2661 nisi
1826 2596 1991 2679 resipueri

325 2696 358 2751 et
390 2688 431 2750 ad
464 2687 718 2753 satisfactionem
753 2694 888 2755 venerit.
935 2693 1017 2766 Fiat,
1052 2692 1117 2768 fiat,
1151 2692 1216 2755 fiat.
1262 2690 1296 2753 Si
1327 2693 1399 2771 quis
1432 2710 1509 2753 vero
1541 2697 1651 2752 custos
1683 2695 1716 2750 et
1748 2686 1946 2751 observator
1966 2706 1986 2747 r·

325 2777 479 2840 omnibus
512 2777 608 2839 fuerit
638 2777 731 2842 huius
763 2781 863 2843 nostri
897 2782 1067 2864 apostolici
1102 2781 1260 2863 privilegii
1293 2781 1550 2854 constitutionis,
1585 2777 1828 2840 benedictionis
1861 2782 1991 2859 gratian

323 2868 490 2945 vitamque
515 2875 703 2931 eternama
734 2869 1036 2933 misericordissimo
1065 2871 1201 2933 domino
1233 2869 1297 2931 deo
1323 2877 1435 2931 nostro
1459 2868 1615 2948 consequi
1647 2874 1812 2928 mereatur
1833 2865 1867 2927 in
1890 2882 1984 2929 secu

323 2955 517 3018 seculorum.
563 2956 646 3034 Fiat,
669 2957 734 3033 fiat,
758 2958 823 3021 fiat.
848 2997 890 3006 -
915 2959 1077 3041 Scriptum
1102 2980 1161 3042 per
1185 2978 1298 3022 manus
1322 2957 1408 3020 Petri
1438 2957 1602 3020 scriniarii.
1644 2970 1670 3018 x
1691 2952 1746 3017 Kl.
1770 2953 1908 3038 Aprilis.
1950 2952 1982 3016 ln

324 3044 465 3107 dictione
480 3058 537 3107 XV.

482 3161 606 3225 Abschn'st
622 3163 663 3211 des
683 3163 765 3212 t'lrarr.
784 3162 853 3227 capr't.
872 3162 982 3212 albariam.
1005 3164 1034 3211 G.
1055 3164 1121 3211 1984
1132 3164 1181 3227 sol.
1202 3166 1243 3219 51,
1263 3162 1296 3210 r'm
1315 3159 1605 3226 Deparlcmrntalarrhr'rv
1621 3175 1652 3207 ιιι
1670 3158 1800 3208 Bemmar's.

484 3233 531 3281 Die
552 3234 669 3283 Urkrmdr
690 3234 782 3283 enrlui'lt
803 3235 872 3284 arieles
899 3235 1105 3300 (fngmohnlicte,
1129 3251 1154 3282 so
1173 3234 1250 3300 glria-h
1273 3235 1310 3282 die
1327 3235 1434 3293 Adresse,
1460 3234 1498 3282 die
1515 3234 1562 3282 Art
1584 3231 1629 3280 der
1650 3230 1818 3297 Emdhmg
1840 3230 1883 3279 dtr
1910 3228 1990 3279 Touo

323 3302 421 3352 nucum
444 3303 552 3364 utensile,
578 3306 616 3355 ein
638 3307 664 3354 T
660 3306 709 3354 keil
729 3306 773 3355 der
791 3306 970 3372 Formrrlirrmg,
998 3307 1035 3354 die
1058 3306 1216 3371 mueimolrgcn
1238 3306 1291 3354 drer'
1313 3305 1356 3354 fiat
1382 3322 1423 3354 om
1442 3305 1548 3366 Schluss,
1578 3303 1664 3353 Petrus
1687 3318 1740 3351 nur
1761 3304 1801 3352 als
1819 3300 1933 3352 Scn‘fflr
1946 3308 1988 3357 etr„

323 3375 372 3423 wir
396 3374 489 3424 kdnm
515 3377 610 3425 deshalb
637 3377 704 3426 nicht
728 3378 815 3426 umhr'n
839 3379 883 3427 das
906 3376 1069 3443 Scunfrsruck
1095 3379 1132 3426 als
1156 3378 1296 3442 vcrddchtrg
1321 3394 1350 3425 cu
1372 3378 1496 3437 erkliiren,
1523 3374 1670 3441 wenngler'cft
1692 3374 1736 3424 der
1752 3374 1834 3425 Nam
1855 3374 1897 3423 des
1916 3372 1989 3423 firm

322 3447 394 3496 sehon
412 3449 464 3513 aus
477 3448 539 3498 echte
561 3449 661 3514 Vorlage
677 3449 763 3498 deutera
781 3450 870 3501 dr'r'rffe.

1089 3736 1156 3810 Νι.
1188 3741 1222 3809 7.

322 3882 512 3963 †Bencdict
536 3881 627 3947 VIII
646 3883 740 3947 rhez'lr
758 3884 845 3948 allen
869 3884 1020 3951 Chrr'sten
1036 3888 1104 3967 mit,
1126 3888 1206 3951 dass
1228 3907 1266 3949 er
1285 3885 1482 3970 densi‘mgcn,
1505 3884 1623 3948 welche
1644 3904 1685 3947 au
1699 3883 1868 3967 gewrssen
1888 3882 1983 3948 Zeira

367 3971 429 4035 das
446 3969 575 4036 Kloster
589 3971 749 4058 Neuburg
763 3973 823 4055 (D.
840 3974 1031 4060 Augsburg)
1047 3977 1198 4040 besuclzen
1213 3976 1338 4039 oderes
1353 3972 1542 4051 berer'rlrern,
1567 3972 1748 4056 Indulgens
1761 3971 1899 4038 ertheile
1914 3974 1947 4053 ¹).

1021 4113 1107 4172 1020
1123 4110 1257 4185 Januar
1271 4113 1300 4171 3.

483 4241 680 4303 Benedictus
711 4244 895 4325 episcopus,
926 4265 1038 4307 servus
1068 4264 1235 4307 servorum
1259 4244 1321 4319 dei,
1353 4243 1484 4326 singulis
1508 4262 1545 4304 ac
1571 4240 1726 4303 universis
1749 4248 1866 4304 sancte
1888 4240 1985 4303 matris

324 4330 462 4392 ecclesie
485 4329 555 4392 liliis
577 4330 715 4393 salutem
740 4340 774 4394 et
796 4332 1010 4416 apostolicam
1036 4334 1309 4397 benedictionem.
1356 4331 1519 4413 Quoniam
1543 4339 1657 4393 sancta
1676 4329 1830 4392 Romana
1855 4329 1986 4401 ecclesia,

323 4438 387 4502 que
411 4420 497 4482 bene
520 4418 655 4492 fundata
678 4429 728 4482 est
749 4442 848 4502 supra
871 4422 996 4485 firmam
1022 4432 1160 4504 petram,
1183 4423 1246 4485 hoc
1270 4442 1403 4504 semper
1424 4419 1538 4483 habuit
1561 4438 1638 4482 vere
1661 4418 1810 4480 karitatis
1832 4419 1987 4491 indicium,

323 4517 358 4570 ut
381 4508 424 4570 de
439 4516 625 4570 exterarum
649 4512 808 4590 gauderet
831 4511 990 4592 proffectu
1012 4512 1231 4581 ecclesiarum,
1256 4514 1416 4593 competit
1439 4519 1552 4572 nostro
1569 4507 1755 4590 apostolico
1772 4508 1988 4581 moderamini,

324 4605 359 4659 ut
382 4618 451 4672 nos,
474 4599 530 4679 qui
555 4600 664 4660 eidem
681 4599 746 4661 deo
770 4609 902 4662 auctore
926 4602 1136 4677 deservimus,
1161 4603 1373 4663 intentionem
1400 4600 1529 4681 pietatis
1553 4616 1690 4679 operum
1707 4594 1827 4660 Christi
1853 4597 1988 4663 fidelium

323 4687 354 4748 in
386 4686 512 4750 filiabus
548 4696 581 4749 et
615 4686 685 4750 filiis
715 4688 889 4751 ferventius
913 4691 1145 4764 accendamuS‚
1180 4698 1349 4771 sperantes
1372 4691 1420 4750 sui
1445 4690 1555 4769 operis
1578 4686 1700 4749 habere
1724 4688 1931 4768 portionem,
1960 4686 1990 4759 si,

324 4777 460 4858 quoda)
491 4775 618 4840 illorum
651 4785 700 4839 est
724 4798 784 4859 per
814 4778 978 4854 laborem,
1011 4790 1157 4841 nostrum
1189 4780 1324 4841 facimus
1347 4798 1406 4859 per
1438 4780 1615 4839 caritatem.
1662 4774 1874 4840 Affectantes
1896 4778 1984 4859 igitur

325 4874 359 4928 ut
394 4867 625 4929 monasterium
660 4867 952 4930 sanctimonialium
988 4870 1017 4930 in
1052 4869 1241 4949 Newnburg
1277 4868 1396 4928 ordinis
1423 4868 1526 4928 sancti
1559 4864 1740 4937 Benedicti,
1777 4864 1991 4947 Augustens'

324 4955 485 5035 dyocesis,
515 4956 557 5017 ad
582 4957 741 5018 honorem
766 4956 864 5020 beate
889 4958 990 5020 Mario
1013 4979 1145 5040 semper
1167 4958 1301 5039 virginis
1331 4958 1465 5037 eiusque
1496 4952 1701 5036 paranimphi
1734 4953 1823 5017 beati
1850 4953 1951 5017 Iohan
1985 4983 1991 4990 ι

325 5044 522 5126 evangeliste
555 5044 740 5120 fundatum,
771 5048 921 5128 congruis
952 5045 1131 5110 honoribus
1167 5048 1389 5128 frequentetur
1422 5064 1460 5106 ac
1496 5044 1610 5124 iugiter
1644 5064 1664 5105 a
1695 5041 1816 5105 Christi
1849 5042 1991 5108 fidelibu

324 5131 511 5208 honoretur,
535 5134 685 5197 omnibus
708 5155 784 5197 vere
804 5136 1031 5217 penitentibus,
1055 5138 1210 5198 confessis
1234 5143 1267 5198 et
1292 5134 1445 5207 contritis,
1470 5134 1525 5212 qui
1549 5132 1590 5193 ad
1615 5133 1739 5196 dictum
1766 5133 1987 5197 monasterius

324 5224 355 5284 in
378 5221 512 5304 singulis
541 5225 606 5284 suis
636 5233 850 5305 patronorum
875 5225 1101 5287 festivitatibus
1133 5234 1165 5286 et
1195 5225 1225 5285 in
1257 5224 1410 5286 omnibus
1442 5222 1509 5284 aliis
1533 5241 1571 5283 ac
1603 5220 1734 5304 singulis
1757 5220 1982 5287 festivitatibu

323 5311 475 5374 videlicet
495 5312 612 5373 natalis
635 5313 768 5385 domini,
793 5315 1052 5389 circumcisionis,
1082 5313 1266 5396 epiphanie,
1298 5332 1482 5393 parasceve,
1513 5330 1622 5393 pasce,
1653 5311 1865 5389 ascensionis,
1888 5319 1967 5397 pent

324 5408 440 5475 costes,
470 5399 629 5475 trinitatis,
660 5404 807 5483 corporis
832 5402 956 5478 Christi,
981 5405 1173 5466 inventionis
1198 5411 1230 5465 et
1255 5402 1461 5465 exaltationis
1485 5408 1598 5463 sancte
1621 5402 1735 5477 crucis,
1767 5402 1946 5467 nativitatis

325 5668 335 5737 ί
353 5670 407 5719 880
437 5667 457 5717 S
483 5597 532 5717 1839
544 5595 610 5659 quid.
640 5635 692 5641 ...-
721 5600 757 5653 Ji
775 5600 827 5645 Aus
845 5600 1014 5648 Rotlnronrurs
1032 5598 1145 5647 Abdrurk
1171 5598 1196 5645 r'rr
1215 5598 1259 5645 den
1280 5598 1391 5646 Bliifterrr
1409 5597 1464 5661 fiir
1480 5596 1525 5644 dos
1542 5594 1664 5662 bayrr'scde
1696 5595 1921 5662 631„me
1939 5598 1964 5648 λ

339 5673 351 5718 1
408 5670 417 5735 “)
457 5707 462 5719 ,
536 5703 542 5716 ,
