3974 6188
245 250 284 311 18

239 438 306 500 Eas
337 438 435 520 igitur
464 437 618 501 ecclesias
648 438 717 501 sive
748 440 855 517 cellas,
890 462 971 523 quas
1001 462 1061 524 per
1091 443 1323 526 episcoporum
1355 441 1602 506 concessionem
1628 451 1736 505 vestra
1759 441 1918 504 industria

240 528 418 609 aquisistis,
460 528 612 592 videlicet
645 530 748 591 sancti
779 530 915 595 Andree
949 533 991 595 de
1028 531 1143 594 Bemiz
1178 542 1211 596 et
1244 532 1347 594 sancti
1378 532 1519 594 Baudilii
1551 542 1584 595 et
1621 533 1724 594 sancti
1754 532 1840 594 Petri
1876 531 1917 593 de

219 617 407 680 ·Launiaco
431 627 465 680 et
487 618 590 681 sancti
614 616 799 681 Sebastiani
825 620 866 682 de
889 619 1021 684 Alxatis
1045 632 1078 684 et
1101 623 1205 685 sancti
1228 621 1373 703 Aegydii
1398 622 1439 684 de
1461 623 1562 683 Duno
1586 630 1620 683 et
1641 621 1745 684 sancti
1765 621 1851 683 Petri
1876 620 1918 682 de

240 707 356 769 Monte
375 706 507 788 Seleigo
531 716 564 770 et
586 707 689 770 sancti
704 707 789 770 Petri
814 709 856 771 de
871 711 1007 787 Trenca‚
1033 711 1123 773 tailla
1146 721 1179 774 et
1202 710 1289 785 alias,
1315 730 1396 791 quas
1419 711 1613 773 nominatim
1638 711 1784 791 digerere
1807 729 1917 791 super·

240 796 404 872 sedemus,
429 817 489 878 per
510 797 670 877 presentis
694 796 815 861 decreti
836 800 864 873 a)
888 801 1043 882 paginam
1067 801 1163 863 vobis
1192 801 1373 881 vestrisque
1404 799 1645 863 successoribus
1669 810 1830 881 perpetuo
1855 799 1917 861 dis-

239 885 413 966 ponendas
436 886 719 967 possidendasque
743 886 916 952 firmamus.
940 924 984 934 —
1007 892 1096 953 Data
1119 888 1289 965 Cremone,
1314 903 1364 953 ΧΠ
1386 889 1555 952 Kalendas
1579 890 1697 952 Martii.

398 998 524 1065 Abschnft
542 1000 583 1048 des
603 999 758 1050 Chnrlulaire
775 1001 803 1050 de
821 1002 846 1053 S.
870 1003 951 1065 Gilles,
972 1004 1028 1056 MS.
1046 1007 1089 1057 lat.
1111 1006 1196 1056 11018
1205 1006 1257 1071 sol.
1277 1005 1335 1065 26¹³,
1354 1005 1380 1053 in
1398 1004 1441 1053 der
1458 1003 1523 1052 Bibl.
1542 1003 1670 1052 Nanbnale
1687 1018 1716 1051 zu
1736 1001 1814 1052 Paris.

993 1343 1062 1420 Nr.
1093 1348 1154 1420 21.

248 1471 358 1539 Urban
384 1472 429 1539 Il
448 1470 597 1557 bestittrgt
624 1473 687 1539 der
717 1472 840 1541 Kirclre
871 1498 931 1541 von
962 1474 1157 1630 Stephanus
1186 1477 1228 1541 de
1257 1477 1394 1541 Mrirrrac
1423 1474 1487 1558 (D.
1518 1474 1663 1561 Saintes)
1695 1473 1767 1539 ihre
1797 1473 1918 1538 Besr'ta·

1011 1573 1147 1631 trimer.

841 1702 925 1763 1096
939 1700 1075 1776 Januar
1087 1704 1120 1764 2.
1158 1702 1317 1784 Limoges.

401 1832 555 1897 Urbanus
587 1833 771 1916 episcopus,
804 1855 914 1899 servus
944 1857 1110 1900 servorum
1134 1837 1202 1914 dei,
1233 1837 1353 1899 dilecto
1385 1834 1452 1898 filio
1483 1834 1638 1899 Wilelmo
1670 1833 1770 1915 priori
1794 1831 1920 1895 eteius

243 1920 403 1997 fratribus,
428 1923 460 1984 in
483 1921 620 1986 ecclesia
649 1922 738 1986 beati
763 1922 914 1988 Nicholai
939 1925 981 1988 de
1005 1927 1175 1989 Morniaco
1200 1927 1394 1989 canonicam
1416 1924 1518 1987 vitam
1545 1924 1709 2006 professis,
1740 1940 1919 2001 eorumque

242 2011 496 2087 successoribus,
521 2013 554 2075 in
587 2012 703 2075 eadem
734 2013 891 2094 religione
921 2017 1156 2097 permansuris,
1187 2016 1436 2097 imperpetuum.
1482 2013 1706 2087 Desiderium,
1747 2010 1838 2092 quod
1876 2009 1920 2073 ad

243 2100 429 2180 religiosum
464 2103 672 2184 propositum
702 2114 735 2165 et
765 2104 945 2166 animarum
976 2104 1115 2167 salutem
1147 2106 1310 2186 pertinere
1341 2112 1559 2177 monstratur,
1588 2111 1722 2165 auctore
1755 2101 1818 2163 deo
1848 2099 1920 2161 sine

243 2188 353 2270 aliqua
387 2199 436 2252 est
466 2191 623 2254 dilatione
655 2192 898 2274 complendum.
944 2192 1031 2274 Quia
1062 2194 1175 2276 igitur,
1208 2195 1263 2257 filii
1294 2195 1327 2256 in
1358 2191 1487 2256 Christo
1518 2192 1694 2266 karissimi,
1725 2210 1784 2272 per
1816 2189 1919 2251 omni·

242 2279 388 2359 potentis
420 2279 472 2342 dei
507 2281 646 2362 gratiam
680 2281 812 2363 aspirati
848 2283 988 2363 primam
1023 2285 1186 2347 nascentis
1220 2282 1356 2346 ecclesie
1391 2282 1675 2345 conversationem
1710 2279 1820 2341 multis
1855 2279 1920 2339 iam

246 2367 451 2450 temporibus
482 2369 672 2433 destitutam
706 2390 862 2434 renovare
891 2373 1118 2454 proposuistis,
1150 2382 1185 2435 ut
1208 2373 1387 2435 secundum
1410 2381 1597 2434 sanctorum
1620 2379 1751 2452 patrum
1774 2368 1922 2430 instituta

245 2457 345 2520 corde
368 2478 434 2520 uno
458 2469 492 2521 et
514 2480 579 2522 una
608 2460 717 2522 anima
746 2460 807 2523 sub
839 2461 916 2542 iugo
949 2461 1058 2542 regule
1089 2463 1308 2543 omnipotenti
1341 2461 1477 2523 domino
1501 2460 1656 2534 serviatis,
1688 2479 1749 2521 nos
1772 2455 1920 2537 religioni

244 2557 351 2609 vestre
374 2557 513 2628 paterno
536 2549 735 2630 gratulamur
758 2549 875 2612 affectu
899 2559 940 2627 et,
973 2561 1008 2614 ut
1031 2551 1131 2614 semel
1163 2552 1317 2614 inchoata
1340 2550 1453 2632 religio
1478 2558 1610 2611 auctore
1634 2549 1698 2610 deo
1722 2566 1853 2627 semper
1876 2546 1921 2607 in·

245 2635 408 2698 violabilis
438 2648 639 2718 perseveret,
671 2640 850 2702 secundum
880 2640 1076 2703 venerabilis
1106 2640 1276 2703 confratris
1308 2641 1410 2703 nostri
1437 2637 1654 2720 Ramnulphi,
1687 2635 1922 2701 Sanctonensis

245 2725 393 2807 episcopi
412 2723 448 2810 ¹),
472 2738 506 2790 et
527 2737 668 2790 vestram
691 2728 887 2810 petitionem
910 2739 979 2792 tam
1001 2750 1070 2805 vos,
1095 2750 1194 2810 quam
1216 2739 1325 2792 vestra
1348 2729 1460 2791 omnia
1481 2728 1568 2790 sedis
1592 2726 1773 2808 apostolice
1795 2724 1922 2805 gremio

246 2814 468 2890 confoventes,
499 2817 660 2898 presentis
683 2816 841 2899 privilegii
866 2819 1060 2881 auctoritate
1084 2820 1255 2881 munimus.
1302 2818 1482 2882 Statuimus
1505 2817 1601 2893 enim,
1635 2825 1670 2879 ut
1693 2815 1815 2877 nemini
1839 2814 1923 2875 inter

245 2923 305 2965 vos
336 2903 542 2985 professione
573 2905 721 2968 exhibita
751 2908 920 2989 proprium
944 2908 1023 2990 quid
1046 2907 1176 2984 habere,
1209 2928 1271 2970 nec
1297 2908 1367 2971 sine
1395 2917 1464 2982 tua,
1497 2906 1541 2968 fili
1571 2905 1739 2968 karissime
1769 2901 1923 2964 Wilelme

245 2994 343 3074 prior,
375 3003 408 3055 et
431 3014 552 3071 eorum,
577 2996 658 3076 (qui)
683 3005 760 3077 post
783 3005 815 3059 te
839 2997 872 3059 in
896 2997 1015 3060 eodem
1039 2997 1196 3079 regimine
1223 2997 1445 3072 successerint,
1477 3006 1533 3058 aut
1562 2996 1632 3057 sine
1656 2992 1822 3058 communi
1846 3011 1922 3054 con-

244 3082 446 3163 gregationis
477 3083 608 3147 licentia
639 3085 680 3147 de
712 3084 853 3148 claustro
885 3086 1069 3163 discedere,
1101 3087 1239 3150 liberum
1262 3087 1312 3163 sit,
1343 3083 1498 3167 quamdiu
1529 3084 1653 3147 scilicet
1684 3082 1749 3145 illic
1773 3080 1922 3144 canonici

246 3171 370 3234 ordinis
402 3182 512 3249 tenor,
543 3174 678 3236 domino
708 3182 876 3256 prestante
895 3173 934 3258 ²),
968 3176 1114 3257 viguerit.
1161 3177 1310 3238 Preterea
1344 3195 1403 3257 per
1432 3174 1592 3256 presentis
1616 3172 1736 3235 decreti
1767 3170 1923 3253 paginam

246 3260 430 3341 apostolica
453 3262 548 3325 vobis
571 3264 765 3327 auctoritate
788 3263 963 3341 firmamus,
987 3265 1141 3328 ecclesias
1163 3265 1251 3328 beati
1275 3265 1371 3338 Petri,
1395 3264 1483 3327 beati
1508 3262 1680 3344 Stephani,
1705 3261 1793 3324 beati
1818 3259 1923 3333 Cirici,

246 3369 321 3411 cum
345 3350 473 3413 decima
505 3352 651 3414 eiusdem
683 3352 819 3416 ecclesie
850 3352 1021 3436 parrochie
1052 3353 1139 3417 beati
1163 3354 1248 3417 Petri
1272 3354 1314 3416 de
1339 3353 1534 3416 Chalaveda
1580 3351 1637 3413 Ad
1660 3349 1722 3413 hec
1745 3350 1924 3412 adicientes

246 3439 426 3516 statuimus,
458 3450 494 3503 ut
525 3460 719 3522 quecunque
749 3441 850 3505 hodie
878 3454 987 3506 vestra
1017 3442 1154 3506 ecclesia
1178 3444 1260 3506 iuste
1283 3443 1441 3525 possidet,
1473 3443 1541 3504 sive
1565 3441 1597 3503 in
1622 3441 1764 3503 futurum
1792 3458 1923 3502 conces·

246 3528 339 3591 sione
362 3529 556 3611 pontificum
584 3532 652 3594 sive
676 3532 862 3614 principum
886 3532 1080 3596 liberalitate
1102 3532 1154 3595 vel
1178 3533 1347 3596 oblatione
1371 3531 1514 3594 fidelium
1540 3532 1621 3592 iuste
1645 3541 1744 3610 atque
1767 3528 1926 3590 canonice

246 3619 369 3699 poterit
392 3619 538 3699 adipisci,
563 3619 656 3683 firma
671 3621 767 3683 vobis
789 3622 970 3700 vestrisque
993 3622 1234 3685 successoribus
1249 3632 1283 3684 et
1299 3620 1424 3683 illibata
1443 3629 1667 3700 permaneant.
1712 3618 1925 3681 Decrevimus

247 3726 341 3788 ergo,
370 3719 406 3770 ut
434 3708 511 3770 nulli
536 3709 672 3772 omnino
695 3708 866 3773 hominum
889 3709 1000 3787 liceat,
1036 3711 1176 3774 eandem
1200 3710 1371 3774 ecclesiam
1394 3720 1516 3772 temere
1539 3708 1744 3790 perturbare,
1778 3717 1833 3769 aut
1857 3707 1925 3769 eius

246 3797 472 3877 possessiones
496 3797 620 3861 auferre
635 3798 688 3861 vel
704 3798 831 3862 ablatas
854 3800 1001 3876 retinere,
1026 3801 1169 3863 minuere
1193 3800 1245 3862 vel
1270 3801 1448 3863 temerariis
1471 3797 1701 3860 vexationibus
1724 3795 1924 3879 perturbare,

248 3885 308 3948 sed
331 3886 443 3949 omnia
465 3887 593 3969 integra
616 3898 849 3952 conserventur
871 3909 993 3965 eorum,
1017 3909 1078 3971 pro
1103 3910 1241 3971 quorum
1265 3890 1501 3952 sustentatione
1525 3908 1563 3950 ac
1586 3887 1825 3968 gubernatione
1849 3905 1923 3948 con·

247 3995 339 4037 cessa
354 3985 438 4052 sunt,
463 3976 575 4038 usibus
599 3978 798 4040 omnimodis
819 3978 996 4059 profutura,
1021 3979 1111 4041 salva
1126 3975 1362 4041 Sanctonensis
1383 3977 1529 4060 episcopi
1555 3977 1714 4039 canonica
1737 3975 1924 4038 reverentia.

247 4063 335 4128 Sane
358 4065 385 4127 si
410 4065 482 4146 quis
508 4067 539 4127 in
564 4066 740 4130 crastinum
764 4066 1038 4149 archiepiscopus,
1063 4068 1241 4150 imperator
1261 4077 1317 4130 aut
1340 4088 1409 4144 rex,
1441 4067 1594 4147 princeps
1618 4075 1674 4127 aut
1697 4066 1773 4140 dux,
1804 4084 1923 4138 comes,

247 4154 433 4216 vicecomes
465 4166 521 4217 aut
551 4156 772 4219 ecclesiastica
803 4156 949 4237 quelibet
971 4155 1164 4220 secularisve
1194 4177 1344 4238 persona,
1372 4154 1466 4218 huius
1498 4155 1599 4217 nostri
1624 4155 1745 4217 decreti
1769 4155 1925 4236 paginam

247 4243 371 4319 sciens,
403 4255 518 4308 contra
549 4265 622 4308 eam
655 4255 777 4308 temere
806 4247 916 4309 venire
946 4247 1163 4328 temptaverit,
1197 4247 1341 4309 secundo
1375 4246 1517 4308 terciove
1548 4245 1776 4324 commonitus,
1808 4245 1834 4306 si
1860 4262 1925 4305 non

246 4332 470 4396 satisfactione
504 4355 648 4415 congrua
679 4335 909 4411 emendaverit,
941 4336 1116 4416 potestatis
1139 4335 1339 4416 honorisque
1361 4336 1409 4397 sui
1435 4335 1594 4414 dignitate
1617 4344 1737 4407 careat,
1769 4353 1926 4413 reumque

246 4442 281 4484 se
306 4422 418 4484 divino
443 4423 564 4486 iudicio
588 4425 728 4487 existere
752 4425 794 4487 de
817 4434 1006 4506 perpetrata
1029 4425 1200 4506 iniquitate
1224 4434 1412 4506 cognoscat,
1443 4433 1477 4487 et
1500 4444 1520 4485 a
1542 4423 1761 4485 sacratissimo
1786 4441 1925 4503 corpore

247 4531 285 4573 ac
309 4512 468 4593 sanguine
492 4512 545 4575 dei
570 4522 603 4576 et
634 4514 759 4575 domini
783 4515 883 4576 nostri
916 4515 987 4577 lesu
1011 4511 1128 4577 Christi
1153 4514 1276 4576 alienus
1298 4523 1376 4588 stet,
1408 4523 1506 4594 atque
1538 4513 1570 4575 in
1603 4521 1751 4575 extremo
1774 4512 1925 4573 examine

246 4599 393 4664 districte
416 4600 531 4664 ultioni
554 4602 731 4665 subiaceat.
769 4600 903 4666 Cunctis
926 4612 1043 4678 autem,
1070 4603 1177 4665 eidem
1201 4603 1275 4666 loco
1300 4604 1383 4665 iusta
1406 4602 1618 4678 servantibus
1643 4603 1684 4663 sit
1707 4622 1775 4682 pax
1800 4600 1923 4663 domini

247 4690 349 4752 nostri
373 4690 444 4752 lesu
469 4690 597 4766 Christi,
622 4693 786 4773 quatimus
802 4702 834 4755 et
850 4690 903 4754 hic
927 4692 1066 4754 fructum
1090 4692 1178 4754 bone
1202 4692 1340 4755 actionis
1363 4693 1555 4774 percipiant,
1580 4700 1613 4753 et
1629 4691 1717 4772 apud
1743 4690 1924 4753 districtum

247 4779 387 4842 iudicem
411 4781 537 4861 premia
560 4790 671 4843 eterne
694 4782 786 4862 pacis
810 4783 983 4845 inveniant.
1029 4781 1148 4845 Amen.

406 4869 531 4932 Datum
555 4870 755 4946 Lemovicis,
786 4892 845 4953 per
876 4892 1008 4934 manum
1031 4870 1202 4946 Iohannis,
1225 4880 1338 4933 sancte
1360 4871 1511 4933 Romane
1541 4868 1677 4931 ecclesie
1702 4867 1832 4931 diaconi
1857 4888 1922 4930 car·

247 4955 373 5020 dinalis.
421 4972 472 5021 1111
488 4959 603 5022 Nonas
627 4959 775 5023 Ianuarii.
820 4960 1004 5024 Indictione
1019 4974 1081 5023 1111.
1127 4960 1305 5023 Dominice
1329 4958 1561 5023 incarnationis
1585 4979 1672 5020 anno
1696 4969 1819 5020 MXCVI.

405 5072 530 5137 Absckn'st
546 5074 586 5123 des
607 5073 717 5124 Chartul.
737 5074 765 5124 de
786 5074 873 5141 Chrny,
893 5074 950 5127 MS.
969 5077 1011 5125 lat.
1030 5075 1099 5125 5468
1108 5074 1160 5139 fol.
1179 5076 1220 5134 49,
1240 5073 1266 5122 in
1285 5075 1328 5124 der
1345 5074 1408 5124 Bihl.
1427 5071 1556 5122 antima
1572 5088 1602 5120 au
1622 5070 1700 5123 Parin

406 5308 431 5367 a)
450 5305 486 5353 Le
504 5304 560 5355 MS.
579 5323 595 5354 a
613 5302 650 5354 ἐπ’
661 5303 750 5371 gralli,
769 5306 830 5356 mais
847 5306 869 5356 r'l
882 5307 925 5372 rr’y
941 5322 957 5354 α
971 5313 1019 5370 pas
1036 5306 1065 5355 de
1082 5308 1169 5355 laturre
1240 5306 1268 5371 b)
1288 5312 1447 5371 properante.
1467 5344 1490 5350 -.
1515 5344 1519 5349 .
1537 5308 1574 5366 ,1)
1592 5303 1720 5366 lr‘ammels
1731 5317 1778 5349 von
1800 5298 1920 5358 fhtsmtds

248 5374 352 5438 Bisclos
364 5390 411 5424 von
429 5377 530 5437 Saimes,
550 5393 570 5428 r.
589 5379 767 5429 1083-1105.
1539 5393 1544 5396 ’
