3974 6188
808 452 873 527 ΝΥ.
899 458 984 528 168.

69 598 219 663 Hadrian
234 596 296 663 IV
309 597 459 680 teuberga
478 599 551 660 dem
574 598 653 662 Abte
673 600 769 682 Hugo
790 623 850 664 von
874 602 1003 683 Roffeno
1026 604 1084 683 (D.
1113 603 1265 679 Cortona)
1293 604 1346 666 die
1369 603 1605 668 Besitetlu'imer
1626 605 1729 666 seinrs

437 685 588 764 Klbsters‚
604 688 737 753 welches
752 711 790 753 er
804 693 838 754 in
852 691 1081 775 apostoliscben
1097 691 1219 757 Scbuts
1234 691 1358 756 ue'enmt.

663 825 749 885 1157
762 824 860 887 Mire
874 827 930 888 28.
972 826 1122 890 Lateran.

222 956 389 1019 Adrianus
405 958 588 1038 episcopus,
605 977 715 1019 servus
730 978 895 1022 servorum
913 961 973 1035 dei,
991 960 1110 1023 dilecto
1128 960 1194 1023 filio
1207 961 1340 1042 Hugoni
1361 958 1396 1043 Β),
1413 961 1525 1023 abbati
1542 959 1727 1021 monasterii

66 1046 160 1127 beate
177 1046 282 1108 Marie
305 1056 338 1109 et
353 1046 456 1108 sancti
473 1043 666 1109 Christosori
683 1045 724 1109 de
739 1048 873 1123 Rasena,
898 1050 1031 1130 eiusque
1051 1050 1290 1113 successoribus
1313 1051 1470 1112 canonice
1485 1047 1727 1121 substituendis,

65 1146 98 1197 1N
110 1146 190 1196 ΡΡΜ.
200 1169 242 1180 -
279 1135 374 1197 Iustis
389 1135 612 1217 religiosorum
629 1134 796 1198 desideriis
812 1139 995 1201 consentire
1011 1158 1049 1202 ac
1066 1138 1312 1201 rationabilibus
1330 1159 1442 1201 eorum
1454 1136 1729 1219 postulationibus

63 1223 242 1287 clementer
271 1244 421 1298 annuere,
455 1223 635 1305 apostolice
658 1225 753 1300 sedis,
787 1227 846 1299 cui,
879 1227 1035 1308 largiente
1066 1227 1214 1301 dominu,
1247 1228 1452 1301 deservimus
1476 1226 1651 1288 auctoritas
1671 1221 1676 1308 Ι
1696 1234 1728 1286 et

64 1312 204 1395 fraterne
228 1314 369 1376 caritatis
393 1313 498 1375 unitas
522 1332 582 1374 nos
605 1312 759 1375 hortatur.
806 1312 977 1395 Quocirca,
1009 1315 1126 1379 dilecte
1155 1317 1187 1377 in
1209 1316 1343 1377 domino
1367 1315 1421 1390 fili,
1444 1316 1543 1396 Hugo
1563 1312 1590 1398 ³)
1614 1312 1727 1387 abbas,

62 1403 124 1464 tuis
158 1403 250 1465 iustis
279 1402 493 1483 petitionibus
525 1408 619 1483 grato
651 1414 878 1466 concurrentes
908 1424 1057 1473 assensu.
1088 1405 1185 1490 beate
1209 1405 1310 1488 Marie
1341 1412 1373 1467 et
1401 1405 1504 1466 sancti
1536 1401 1726 1466 Christosori

62 1491 245 1564 ecclesiam,
277 1492 327 1553 cui
361 1492 424 1553 deo
452 1503 582 1553 auctore
605 1511 735 1572 preesse
759 1491 944 1567 dinosceris,
977 1494 1018 1555 ad
1050 1494 1218 1575 exemplar
1249 1493 1336 1575 bone
1369 1493 1524 1576 memorie
1548 1490 1726 1553 lnnocentii

62 1601 152 1662 pape
170 1577 204 1664 ¹),
235 1581 476 1661 predecessoris
508 1580 625 1654 nostri,
655 1580 716 1642 sub
751 1580 838 1643 beati
869 1581 953 1644 Petri
985 1593 1018 1645 et
1048 1593 1159 1645 nostra
1189 1583 1392 1663 protectione
1421 1581 1613 1661 suscipimus
1640 1578 1665 1661 ²)
1696 1589 1728 1641 et

60 1670 224 1751 presentis
246 1669 358 1751 scripti
381 1669 550 1751 privilegio
574 1669 821 1732 communimus.
866 1667 1062 1745 Statuentes,
1087 1681 1122 1735 ut
1145 1691 1366 1753 quascumque
1389 1670 1621 1751 possessiones,
1653 1688 1728 1748 que·

60 1777 204 1839 cumque
227 1759 317 1822 bona
340 1759 455 1821 eadem
479 1756 615 1820 ecclesia
639 1759 672 1819 in
695 1759 928 1838 presentiarum
952 1760 1034 1822 iuste
1054 1771 1087 1822 et
1103 1761 1259 1823 canonice
1283 1759 1431 1840 possidet
1455 1768 1510 1820 aut
1533 1759 1565 1820 in
1586 1756 1728 1820 futurum

61 1848 277 1910 concessione
307 1847 515 1928 pontificum,
545 1846 716 1927 largitione
749 1865 859 1928 regum
884 1848 934 1910 vel
966 1849 1163 1930 principum,
1194 1849 1361 1910 oblatione
1392 1847 1535 1909 fidelium
1572 1867 1627 1908 seu
1659 1844 1728 1906 aliis

61 1936 156 1999 iustis
188 1936 295 1998 modis
326 1936 388 1998 deo
419 1935 563 2017 propitio
602 1937 723 2016 poterit
746 1936 896 2017 adipisci,
928 1936 1022 1999 firma
1051 1938 1110 2000 tibi
1135 1938 1263 2019 tuisque
1285 1936 1525 1999 successoribus
1548 1946 1581 1997 et
1604 1934 1729 1996 illibata

61 2034 287 2108 permaneant.
339 2026 375 2087 ln
415 2024 532 2106 quibus
569 2024 630 2086 hec
662 2026 802 2106 propriis
833 2026 984 2088 duximus
1016 2027 1231 2108 exprimenda
1260 2025 1444 2088 vocabulis:
1488 2033 1611 2086 curtem
1640 2022 1728 2085 vide·

62 2116 140 2178 licet
181 2114 223 2177 de
263 2124 375 2177 monte
406 2112 562 2176 Bernardi
604 2132 677 2174 cum
715 2113 867 2189 ecclesia,
906 2125 1030 2177 curtem
1069 2116 1110 2177 de
1149 2125 1260 2177 monte
1297 2114 1427 2176 Martini
1470 2132 1543 2174 cum
1584 2111 1728 2174 ecclesiis

60 2203 167 2266 sancti
201 2203 330 2266 Martini
364 2213 397 2265 et
426 2203 528 2265 sancti
552 2200 695 2275 Andree,
726 2214 848 2264 curtem
882 2203 924 2266 de
947 2205 1114 2266 Malamno
1147 2224 1220 2265 cum
1250 2203 1393 2276 ecclesia,
1425 2201 1595 2264 ecclesiam
1625 2199 1727 2262 sancti

61 2292 162 2355 Blasii
188 2292 230 2355 de
251 2292 361 2354 llceno
380 2289 417 2374 b),
441 2290 612 2354 ecclesiam
634 2302 745 2374 sancte
767 2291 869 2375 Marie
894 2293 935 2355 de
959 2304 1071 2355 monte
1088 2292 1258 2366 Camerini,
1283 2292 1451 2354 ecclesiam
1475 2290 1578 2352 sancti
1593 2286 1729 2350 Andree

61 2382 105 2444 de
143 2392 256 2445 monte
286 2378 426 2462 Agutiri.
480 2380 695 2443 Decernimus
735 2399 828 2461 erg0,
869 2392 904 2443 ut
935 2382 1012 2443 nulli
1043 2382 1178 2444 omnino
1211 2381 1380 2444 hominum
1418 2379 1528 2452 liceat,
1567 2377 1728 2459 prefatam

61 2470 236 2533 ecclesiam
269 2518 275 2531 .
309 2518 316 2531 .
348 2518 355 2530 .
385 2469 495 2532 usibus
532 2468 731 2531 omnimodis
768 2469 953 2550 profutura,
990 2470 1080 2532 salva
1100 2466 1203 2532 'sedis
1242 2469 1424 2550 apostolice
1464 2468 1654 2530 auctoritate
1696 2474 1729 2527 et

61 2560 230 2622 diocesani
261 2559 408 2642 episcopi
441 2559 599 2621 canonica
628 2558 757 2620 iustitia.
802 2557 837 2622 Si
862 2579 926 2639 qua
955 2560 1144 2641 igitur...
1171 2558 1303 2622 Cunctis
1325 2567 1434 2619 autem
1458 2604 1465 2616 .
1488 2602 1496 2617 .
1519 2603 1527 2617 .
1551 2554 1726 2618 inveniant.

59 2646 140 2710 Am.
162 2647 241 2713 Am.
266 2647 343 2710 Am.

276 2731 330 2819 (R)
353 2736 427 2817 Ego
450 2735 615 2798 Adrianus
638 2735 798 2820 catholice
822 2736 957 2820 ecclesie
981 2736 1157 2817 episcopus
1180 2757 1221 2799 ss.
1243 2731 1305 2819 (M)

276 2859 320 2869 —
343 2822 363 2906 †
386 2825 459 2905 Ego
483 2822 671 2887 Manlredus
695 2825 855 2906 presbiter
877 2825 1048 2887 cardinalis
1071 2826 1118 2887 tit.
1142 2833 1252 2906 sancte
1275 2824 1394 2903 Savine
1417 2843 1458 2886 ss.

276 2912 296 2992 †
319 2912 392 2996 Ego
415 2913 512 2975 Iulius
534 2913 696 2994 presbiter
718 2913 890 2976 cardinalis
913 2915 960 2977 tit.
983 2914 1085 2976 sancti
1111 2913 1253 2976 Marcelli
1277 2934 1318 2977 ss.
1342 2908 1389 2995 (3)

276 3004 297 3080 †
319 3004 392 3083 Ego
417 2999 579 3065 Gerardus
610 3003 771 3083 presbiter
801 3001 971 3065 cardinalis
1001 3003 1048 3065 tit.
1071 3003 1175 3064 sancti
1198 3002 1357 3084 Stephani
1382 3001 1414 3062 in
1438 2999 1529 3063 Celio
1553 3006 1665 3058 monte
1687 3017 1727 3057 ss.

276 3093 296 3168 †
320 3091 393 3173 Ego
406 3091 567 3154 lohannes
579 3091 740 3172 presbiter
755 3092 927 3155 cardinalis
939 3102 1126 3154 sanctorum
1139 3092 1292 3153 Iohannis
1304 3100 1337 3153 et
1348 3089 1437 3153 Pauli
1450 3090 1497 3151 tit.
1509 3084 1674 3149 Pamachii
1686 3105 1726 3146 ss

276 3179 296 3260 †
319 3181 392 3262 Ego
415 3181 576 3244 Iohannes
599 3180 760 3263 presbiter
782 3180 954 3242 cardinalis
977 3181 1024 3242 tit.
1048 3190 1234 3243 sanctorum
1257 3179 1401 3243 Silvestri
1426 3186 1459 3240 et
1482 3174 1613 3237 Martini
1636 3194 1677 3235 ss.

279 3303 314 3314 -
343 3267 363 3350 †
386 3270 459 3351 Ego
483 3270 584 3334 Oddo
608 3269 763 3331 diaconus
786 3270 958 3332 cardinalis
980 3270 1084 3331 sancti
1108 3268 1239 3351 Georgii
1264 3269 1305 3330 ad
1321 3266 1441 3330 Velum
1463 3283 1594 3328 aureum
1618 3283 1658 3325 ss.
1681 3258 1727 3343 (5)

222 3358 300 3421 Dat.
316 3359 474 3433 Laterani,
496 3379 557 3442 per
579 3377 711 3420 manum
727 3357 878 3434 Rolandi,
901 3369 1013 3420 sancte
1036 3359 1185 3420 Romane
1208 3357 1343 3420 ecclesie
1366 3354 1535 3437 presbiteri
1556 3350 1727 3415 cardinalis

58 3459 92 3509 et
116 3445 311 3509 cancellarii.
349 3447 448 3510 vKl.
471 3446 574 3529 April.
613 3447 794 3509 indictione
818 3459 848 3507 v.
887 3447 1122 3510 Incarnationis
1146 3441 1333 3531 [domi]nice
1357 3464 1443 3506 anno
1467 3454 1598 3504 MCLvn.
1643 3442 1726 3505 Pon·

58 3535 203 3598 tificatus
226 3557 305 3599 vero
329 3537 441 3600 domni
466 3534 626 3599 ADRIANI
647 3536 707 3598 ΡΡ.
731 3549 782 3598 1111
806 3556 892 3598 anno
915 3536 1022 3599 tertio.
1045 3570 1087 3582 -

226 3650 269 3699 Or.
287 3650 366 3714 (Dipl.
386 3650 466 3699 Badis
482 3650 510 3698 di
525 3650 632 3716 Roffeno,
653 3649 723 3713 Perg.
742 3647 821 3698 Men!
842 3649 932 3699 Olivete
949 3648 1093 3715 Maggiore),
1116 3649 1148 3696 im
1166 3647 1280 3696 Ambivio
1297 3648 1324 3696 di
1340 3647 1407 3696 Stato
1424 3663 1453 3694 eu
1472 3645 1552 3695 Siena.

223 3721 293 3788 Perg.
311 3722 370 3782 tat,
395 3723 431 3772 br.
449 3723 534 3782 abab,
558 3721 722 3787 linguata,
747 3727 821 3769 urum
838 3737 857 3770 e.
877 3722 955 3780 O‚032
983 3722 1170 3787 umgesclslagm,
1195 3719 1272 3768 durcb
1291 3723 1307 3769 2
1326 3718 1419 3768 Lbcber
1437 3718 1495 3783 geht
1519 3717 1556 3766 die
1578 3719 1727 3784 starkfiidige

57 3793 244 3852 Seidemebuur,
268 3794 323 3842 Blei
342 3795 464 3853 meloten,
484 3793 592 3858 Falteeng
616 3794 660 3842 der
676 3792 773 3840 Bullen.
810 3791 944 3858 Ringbreue
968 3792 1023 3841 tend
1047 3791 1211 3855 Unterselm'st
1229 3791 1318 3857 gleicbe
1349 3790 1441 3848 Dium
1468 3789 1504 3838 die
1528 3789 1571 3837 der
1591 3789 1728 3857 Umscbnst

56 3866 189 3929 entspn'cbe
199 3867 273 3930 jener
289 3866 333 3914 der
352 3864 548 3931 Datinmgsreile,
575 3864 662 3912 welche
678 3879 726 3911 von
743 3863 788 3910 der
809 3863 849 3912 des
864 3864 1045 3929 Hauptkbepers
1062 3863 1217 3919 verschieden,
1241 3863 1297 3910 und
1311 3863 1354 3910 der
1370 3862 1413 3910 der
1428 3860 1630 3926 necbgetragenen
1648 3864 1726 3913 beiden

58 3939 140 4003 Hugo.
183 3938 206 3986 R
232 3937 342 3986 Roleuds
367 3938 393 3985 in
419 3937 462 3986 der
488 3937 615 4001 Detinmg
643 3934 687 3983 mit
709 3950 773 3999 gene
799 3934 904 3985 duntur
928 3936 1003 3985 Dinte
1025 3934 1142 4000 gemacht.
1188 3934 1236 3981 Die
1263 3933 1443 4000 Zeugmfimen
1475 3931 1535 3980 aad
1564 3932 1608 3981 mit
1637 3936 1727 3984 blasser

58 4010 135 4059 Diute
151 4009 308 4073 gescterieben,
326 4008 449 4057 ticilweise
466 4007 544 4057 sicbee
560 4023 608 4056 vore
625 4008 669 4055 der
685 4005 820 4055 neimlicben
838 4006 922 4055 Haud.
960 4008 1013 4055 Der
1032 4007 1156 4072 Presbyter
1173 4004 1296 4069 Manfred
1316 4005 1376 4054 stebt
1392 4005 1418 4053 in
1442 4004 1486 4052 der
1501 4002 1573 4052 Hibe
1589 4005 1633 4053 der
1645 4010 1726 4071 pbpst·

56 4081 135 4129 tieten
157 4080 327 4145 Ureterscbm'ft,
355 4081 463 4146 mffeubar
486 4080 543 4128 weil
567 4079 656 4144 Julius
682 4077 754 4126 seben
779 4076 924 4143 aeugqiibrt
946 4094 1001 4127 war
1025 4079 1081 4127 und
1102 4078 1160 4125 iiber
1183 4076 1267 4125 diesem
1291 4076 1344 4125 bein
1369 4076 1474 4124 eudem
1489 4077 1572 4123 Reum
1582 4076 1639 4140 srei
1659 4078 1724 4128 blieb.

58 4152 118 4217 etus
136 4151 181 4202 der
201 4151 297 4201 ewulm
315 4151 376 4200 Zeite
401 4158 474 4200 unter
493 4150 582 4217 Julius
604 4166 637 4200 un
661 4150 705 4200 der
721 4149 778 4216 Ego
798 4150 869 4200 Stelte
892 4151 982 4214 Raseer,
1007 4165 1030 4199 es
1053 4150 1120 4201 sollte
1143 4148 1198 4198 dore
1214 4148 1280 4199 teob!
1292 4147 1330 4198 eiu
1349 4146 1427 4213 Zeuge
1449 4147 1598 4216 eingetragm
1621 4151 1724 4213 evermu,

58 4239 111 4273 was
127 4225 197 4272 damu
215 4222 350 4273 unterblieb.

801 4525 869 4600 Nr.
898 4528 983 4600 169.

60 4671 219 4737 Hadrian
235 4672 259 4736 Ι
265 4671 297 4735 V
304 4673 469 4757 eenpfieblt
481 4674 554 4738 dem
570 4673 719 4759 Herzoge
734 4674 823 4753 Webf
834 4671 883 4737 VI
893 4672 954 4736 das
968 4669 1097 4736 Kloster
1110 4672 1178 4735 San
1193 4671 1279 4736 Siste
1293 4670 1334 4736 di
1344 4673 1503 4735 Pincenea
1518 4673 1587 4736 und
1599 4673 1725 4739 ersuclet

331 4759 397 4841 ileu,
419 4784 453 4826 es
466 4763 576 4827 weder
588 4764 691 4826 selber
704 4763 780 4826 norb
794 4762 895 4826 durch
911 4763 998 4825 scine
1013 4762 1110 4825 Leute
1124 4782 1164 4826 eu
1183 4760 1399 4844 berenrubigen
1415 4761 1453 4838 ⁸).

671 4899 756 4960 1157
777 4897 853 4959 Mai
866 4898 916 4958 13.
953 4895 1102 4959 Laterum

218 5047 381 5111 Adrianus
405 5047 587 5129 episcopus,
616 5067 727 5110 servus
757 5065 925 5110 servorum
949 5047 1018 5119 dei,
1050 5044 1170 5108 dilecto
1202 5045 1234 5107 in
1258 5043 1388 5108 Christo
1418 5043 1500 5120 lilio,
1530 5044 1630 5108 nobili
1653 5047 1723 5110 viro

58 5134 133 5198 duci
160 5132 306 5220 .W(elfo)
321 5135 356 5220 ⁴),
388 5134 525 5200 salutem
555 5144 588 5200 et
611 5135 826 5218 apostolicam
858 5135 1128 5199 benedictionem.
1149 5135 1154 5213 Ι
1175 5132 1409 5197 Monasterium
1440 5135 1541 5198 sancti
1571 5132 1648 5197 Sisti
1680 5136 1723 5199 de

56 5222 228 5299 Placentia,
252 5225 336 5288 sicut
357 5226 518 5289 autentica
542 5246 653 5308 regum
678 5224 848 5307 privilegia
871 5223 968 5288 bullis
993 5224 1097 5287 aureis
1120 5224 1272 5305 insignita
1291 5219 1296 5309 Ι
1317 5223 1491 5299 declarant,
1513 5243 1533 5286 a
1556 5223 1723 5288 catholicis

59 5374 257 5382 -.--.--.--.—-
278 5376 294 5381 -
302 5375 357 5383 ....—
363 5376 375 5381 --
383 5372 478 5382 .......-··

217 5436 242 5493 a)
263 5433 359 5484 Scleeint
381 5434 506 5484 beidemele
531 5435 575 5484 mit
597 5437 640 5485 der
662 5437 793 5485 deeukleren
817 5435 892 5485 Diute
915 5436 957 5485 der
980 5433 1171 5500 Datimugsaeile
1193 5433 1341 5501 eingetregen
1366 5451 1395 5484 eu
1418 5434 1466 5484 sein
1573 5435 1600 5491 bl
1618 5436 1630 5485 1
1646 5435 1723 5484 dureb

57 5507 141 5554 Rasur
158 5505 203 5554 nee't
219 5507 323 5555 endem
340 5507 414 5555 Divite
430 5506 567 5572 bergesteltt.
588 5546 605 5551 ..
658 5516 694 5569 .1)
716 5508 776 5558 [tri.
794 5524 848 5558 vom
867 5512 884 5556 4
903 5506 979 5556 Mb'n
997 5509 1073 5556 1140.
1145 5508 1172 5569 2)
1192 5507 1307 5555 Innocem
1325 5507 1358 5556 II
1377 5507 1441 5556 batte
1458 5506 1495 5556 die
1513 5506 1581 5556 Atrei
1592 5523 1643 5573 ger
1658 5506 1726 5556 nicht

58 5577 82 5626 in
99 5578 270 5639 amseottsctm
286 5578 371 5628 Scbuts
384 5594 531 5644 gmmnmen.
623 5591 638 5642 3
642 5594 649 5641 J
675 5580 753 5645 Vergl.
772 5579 908 5645 Repertorio
924 5579 1021 5645 di'ptmn
1044 5579 1178 5628 Cremonese
1191 5585 1219 5643 p.
1237 5581 1271 5627 41
1295 5578 1342 5632 Nr.
1361 5578 1430 5638 33&
1464 5576 1545 5646 Jaffe',
1569 5581 1627 5645 Reg.
1648 5579 1723 5631 7119.

57 5662 83 5713 4)
108 5650 177 5714 Wels
196 5650 235 5700 Vl
247 5648 291 5699 seit
311 5651 374 5700 1153
392 5649 437 5699 mr't
457 5649 558 5700 Tuscieu
575 5650 672 5702 belebnt.

1460 5724 1515 5797 23*
