3982 6194
1793 298 1832 344 21

156 464 317 546 principis
340 466 429 547 apud
446 467 594 530 Montem
612 468 772 530 Maiorem
796 468 828 530 in
852 467 1036 531 Arelatensi
1060 469 1217 549 parochia
1240 469 1337 531 situm
1362 476 1419 543 est,
1444 470 1577 550 eiusque
1593 470 1835 535 successoribus

156 553 349 636 regulariter
370 555 606 619 substituendis
629 557 660 619 in
685 564 888 639 perpetuum.
933 555 992 619 Ad
1014 557 1079 621 hoc
1103 579 1171 635 nos,
1197 559 1393 639 disponente
1410 558 1555 634 dominu,
1580 559 1613 621 in
1633 561 1835 641 apostolicae

156 643 246 707 sedis
268 645 435 707 servitium
458 654 631 728 promotos
659 647 895 728 cognoscimur,
928 653 963 709 ut
986 647 1055 710 eius
1078 647 1159 723 filiis,
1190 648 1344 711 auxilium
1369 647 1628 729 implorantibus
1660 649 1837 713 efficaciter

157 732 332 796 subvenire
355 744 389 798 et
412 735 440 797 ei
465 735 659 799 obedientes
682 736 762 799 tueri
786 756 824 798 ac
856 744 1038 818 protegere,
1070 747 1168 819 prout
1191 738 1343 799 dominus
1374 737 1509 812 dederit,
1539 736 1727 801 debeamus
1773 741 1834 803 Ea·

157 833 296 905 propter
325 824 540 904 petitionibus
572 826 650 901 tuis,
682 825 727 888 fili
760 827 792 888 in
817 824 946 889 Christo
978 824 1181 902 charissime,
1215 827 1389 890 Guilielme
1420 827 1540 902 abbas,
1573 847 1640 890 non
1671 828 1835 892 immerito

158 912 369 974 annuendum
394 915 586 989 censuimus,
618 925 654 977 ut
678 915 802 978 Montis
826 915 960 978 Maioris
983 917 1224 990 monasterium,
1258 917 1308 978 cui
1333 916 1397 978 deo
1421 915 1557 978 authore
1581 917 1757 997 praesides,
1792 920 1835 981 ad

157 1001 428 1084 predecessorum
460 1013 644 1066 nostrorum
669 1004 827 1086 Gregorii,
857 1005 980 1067 Leonis
1008 1025 1046 1067 ac
1069 1005 1221 1068 Nicholai
1252 1015 1285 1068 et
1308 1005 1434 1069 Urbani
1467 1006 1637 1086 exemplar
1663 1007 1834 1089 privilegio

156 1091 246 1154 sedis
267 1092 450 1172 apostolice
474 1094 680 1156 muniremus.
726 1095 788 1157 Per
809 1095 989 1175 praesentis
1013 1095 1109 1176 igitur
1125 1094 1244 1157 decreti
1261 1095 1417 1175 paginam
1434 1094 1617 1176 apostolica
1638 1095 1835 1159 authoritate

157 1181 339 1256 statuimus,
372 1191 407 1245 ut
431 1202 656 1264 quaecumque
686 1183 786 1246 hodie
810 1183 897 1245 idem
922 1184 1119 1246 coenobium
1144 1185 1225 1246 iuste
1248 1183 1404 1265 possidet,
1437 1185 1504 1246 sive
1529 1185 1560 1245 in
1594 1184 1734 1247 futurum
1759 1206 1834 1248 con·

158 1269 307 1332 cessione
330 1271 538 1352 pontificum,
571 1273 764 1335 liberalitate
786 1273 970 1355 principum
1003 1273 1054 1335 vel
1082 1273 1249 1335 oblatione
1278 1271 1421 1335 fidelium
1447 1274 1528 1335 iuste
1556 1280 1655 1354 atque
1678 1276 1835 1338 canonice

158 1359 281 1439 poterit
303 1359 449 1441 adipisci,
466 1360 560 1423 firma
575 1362 634 1424 tibi
650 1362 780 1443 tuisque
795 1363 1036 1425 successoribus
1051 1369 1084 1425 et
1100 1362 1224 1425 illibata
1240 1370 1462 1443 permaneant.
1493 1363 1530 1424 In
1546 1363 1678 1443 quibus:
1695 1374 1833 1426 castrum

157 1448 299 1523 Biduini,
324 1450 414 1530 quod
437 1451 667 1514 iurisdictionis
689 1459 821 1514 sanctae
845 1459 974 1514 nostrae
998 1453 1167 1514 Romanae
1190 1451 1329 1514 habetur
1344 1451 1508 1527 ecclesiae,
1525 1452 1703 1514 secundum
1720 1453 1834 1533 prede-

158 1557 324 1600 cessorum
350 1549 533 1602 nostrorum
559 1541 739 1604 institutum
762 1541 858 1604 vobis
873 1542 1053 1623 vestrisque
1077 1541 1318 1604 successoribus
1338 1541 1515 1622 regendum
1532 1541 1835 1623 possidendumque

159 1627 383 1691 contradimus
415 1649 488 1691 cum
520 1630 663 1693 ecclesiis
693 1639 826 1693 sanctae
849 1631 981 1706 Mariae,
1011 1630 1114 1693 sancti
1138 1630 1285 1704 Antonii,
1317 1631 1419 1692 sancti
1443 1631 1528 1693 Petri
1561 1630 1603 1693 de
1627 1631 1834 1694 Monistrolio

158 1736 231 1778 cum
262 1718 417 1780 universis
450 1719 596 1782 eiusdem
628 1721 723 1783 castri
752 1720 972 1801 pertinentiis;
1011 1741 1053 1782 ex
1085 1740 1149 1801 qua
1177 1720 1331 1782 videlicet
1365 1720 1573 1800 possessione
1604 1719 1702 1782 libras
1732 1720 1834 1783 thuris

158 1826 217 1887 per
241 1807 499 1888 quinquennium
522 1818 603 1884 tres,
636 1830 678 1871 ex
701 1809 774 1891 ipso
797 1830 875 1872 vero
899 1809 1086 1872 monasterii
1110 1809 1217 1889 capite
1240 1829 1301 1889 per
1322 1808 1467 1889 singulos
1489 1829 1593 1871 annos
1610 1809 1835 1890 Merguliensis

158 1903 311 1958 monetae
343 1896 468 1960 solidos
506 1906 646 1979 quatuor
674 1899 886 1962 Lateranensi
917 1899 1040 1979 palatio
1071 1898 1273 1979 persolvetis.
1331 1896 1570 1960 Confirmamus
1608 1899 1706 1960 etiam
1738 1898 1834 1962 vobis

158 1986 392 2048 monasterium
424 1988 527 2051 sancti
553 1988 683 2052 Martini
715 1988 757 2050 de
779 1988 958 2051 Alamonte
981 1996 1015 2051 et
1036 1987 1155 2063 villam,
1185 2007 1268 2068 quae
1299 1987 1416 2049 dicitur
1438 1986 1574 2068 Septem
1606 1987 1704 2062 furni,
1736 1995 1770 2050 et
1801 1989 1834 2051 in

158 2076 316 2137 comitatu
348 2075 534 2139 Bederense
566 2077 675 2140 villam
708 2078 866 2153 Fonneti,
905 2084 938 2139 et
976 2077 1009 2139 in
1049 2078 1206 2140 comitatu
1236 2076 1378 2157 Regensi
1416 2086 1556 2138 castrum
1592 2076 1682 2157 quod
1714 2085 1835 2139 vocant

158 2163 339 2239 Crisellum,
364 2172 397 2227 et
419 2167 651 2228 monasterium
675 2166 827 2230 Stubloni
853 2186 927 2229 cum
951 2166 1103 2230 omnibus
1126 2166 1330 2247 pertinentiis
1346 2185 1467 2227 eorum.
1514 2167 1729 2228 Decernimus
1745 2187 1833 2248 ergo,

159 2261 193 2315 ut
215 2252 293 2315 nulli
318 2254 454 2317 omnino
483 2253 651 2318 hominum
675 2255 781 2331 liceat,
812 2256 962 2318 eamdem
994 2255 1165 2318 ecclesiam
1196 2262 1322 2317 temere
1352 2252 1543 2336 perturbare
1573 2261 1630 2316 aut
1659 2255 1728 2316 eius
1759 2275 1834 2337 pos-

160 2342 320 2405 sessiones
343 2342 469 2406 auferre
500 2344 551 2407 vel
578 2343 704 2407 ablatas
733 2346 870 2407 retinere
893 2344 945 2407 vel
968 2346 1087 2408 iniuste
1114 2344 1208 2406 datas
1239 2345 1306 2406 suis
1337 2342 1447 2406 usibus
1477 2344 1657 2418 vendicare,
1689 2345 1834 2407 minuere

161 2432 210 2494 vel
235 2434 416 2495 temerariis
439 2433 666 2497 vexationibus
689 2433 832 2516 fatigare,
855 2435 915 2497 sed
938 2435 1049 2497 omnia
1073 2435 1199 2515 integra
1214 2439 1446 2496 conserventur
1469 2452 1592 2508 eorum,
1615 2453 1676 2514 pro
1693 2454 1833 2514 quorum

161 2523 399 2585 sustentatione
423 2531 455 2585 et
478 2523 717 2605 gubernatione
741 2543 897 2587 concessa
919 2532 1001 2598 sunt,
1032 2522 1143 2586 usibus
1168 2523 1366 2585 omnimodis
1389 2521 1566 2604 profutura.
1614 2520 1769 2585 Obeunte
1792 2530 1833 2597 te,

162 2631 245 2673 nunc
269 2611 337 2673 eius
361 2610 424 2674 loci
447 2612 578 2688 abbate,
602 2612 653 2674 vel
678 2621 808 2677 tuorum
832 2612 980 2692 quolibet
1001 2632 1237 2683 successorum,
1261 2612 1367 2674 nullus
1390 2611 1435 2673 ibi
1459 2610 1606 2690 qualibet
1621 2612 1834 2693 surreptionis

162 2702 279 2764 astutia
302 2721 361 2762 seu
384 2700 537 2764 violentia
560 2711 788 2785 praeponatur,
813 2704 874 2765 nisi
898 2721 996 2782 quem
1020 2702 1135 2764 fratres
1159 2703 1325 2764 communi
1350 2720 1510 2763 consensu
1527 2701 1578 2763 vel
1602 2700 1735 2763 fratrum
1760 2722 1835 2782 pars

163 2789 287 2853 consilii
311 2790 446 2853 sanioris
469 2791 649 2854 secundum
674 2792 728 2854 dei
751 2791 901 2854 timorem
919 2800 952 2854 et
967 2791 1056 2855 beati
1072 2791 1242 2854 Benedicti
1258 2790 1402 2872 regulam
1420 2790 1623 2871 providerint
1638 2789 1834 2871 eligendum;

163 2881 215 2960 qui
239 2879 394 2943 videlicet
416 2887 472 2943 aut
494 2880 536 2944 ab
561 2880 745 2962 apostolice
767 2881 855 2944 sedis
878 2880 1042 2963 pontifice,
1059 2889 1123 2943 aut
1144 2880 1187 2943 ab
1211 2899 1261 2954 eo,
1285 2882 1336 2943 cui
1353 2881 1424 2962 ipse
1440 2881 1633 2960 permiserit,
1658 2879 1834 2942 ordinetur.

163 2968 320 3044 Chrisma,
331 2968 440 3032 oleum
450 2977 607 3045 sanctum,
621 2971 886 3033 consecrationes
895 2969 1043 3032 altarium
1056 2973 1125 3032 sive
1136 2968 1350 3044 basilicarum,
1359 2968 1579 3031 ordinationes
1590 2967 1835 3044 monachorum,

163 3061 214 3138 qui
238 3059 282 3120 ad
307 3078 417 3121 sacros
440 3058 560 3122 fuerint
583 3060 714 3122 ordines
737 3060 963 3143 promovendi,
987 3059 1030 3123 ab
1054 3061 1221 3143 episcopo,
1246 3060 1277 3121 in
1302 3060 1392 3121 cuius
1408 3058 1531 3120 diocesi
1547 3059 1635 3133 estis,
1657 3059 1834 3139 accipietis,

162 3149 186 3210 si
209 3148 345 3227 quidem
369 3145 550 3211 catholicus
573 3147 672 3211 fuerit
695 3157 727 3211 et
750 3151 887 3230 gratiam
912 3158 1011 3228 atque
1035 3149 1297 3211 communionem
1324 3147 1526 3230 apostolicae
1558 3148 1646 3210 sedis
1676 3145 1836 3223 habuerit,

161 3246 192 3300 et
213 3239 241 3300 si
259 3257 300 3300 ea
314 3239 414 3318 gratis
437 3258 476 3301 ac
499 3239 569 3300 sine
591 3239 752 3320 pravitate
774 3238 915 3301 voluerit
937 3237 1101 3314 exhibere,
1126 3237 1270 3318 alioquin
1288 3236 1386 3299 liceat
1408 3236 1513 3311 vobis,
1536 3255 1641 3315 aquo
1658 3235 1835 3299 malueritis

162 3325 323 3390 catholico
347 3327 506 3409 episcopo
526 3328 714 3390 earumdem
730 3328 1014 3391 consecrationum
1035 3335 1237 3390 sacramenta
1252 3328 1427 3408 suscipere.
1458 3324 1573 3388 Missas
1593 3345 1672 3388 sane
1687 3324 1835 3408 publicas

160 3415 189 3478 in
212 3415 333 3480 eodem
359 3417 559 3479 monasterio
582 3437 643 3498 per
666 3419 859 3499 episcopum
884 3417 1050 3492 celebrari,
1080 3418 1239 3478 stationes
1270 3415 1339 3478 fieri
1371 3424 1427 3477 aut
1457 3416 1679 3477 ordinationes
1709 3414 1836 3494 aliquas

160 3514 290 3587 praeter
312 3504 443 3568 abbatis
467 3513 501 3569 et
524 3505 657 3569 fratrum
681 3505 883 3569 voluntatem
908 3506 1030 3569 institui
1053 3505 1276 3589 prohibemus
1308 3506 1359 3567 cui
1384 3504 1481 3568 etiam
1506 3503 1643 3566 facultas
1673 3502 1760 3566 nulla
1783 3505 1836 3579 sit,

159 3595 226 3657 sine
241 3593 384 3657 Romani
408 3594 574 3676 pontificis
601 3602 659 3657 aut
686 3595 785 3677 legati
810 3597 879 3658 eius
903 3596 1069 3659 audientia
1091 3593 1297 3677 saepefatum
1315 3594 1448 3657 Maioris
1464 3593 1587 3656 Montis
1604 3592 1834 3655 monasterium

159 3683 488 3747 excommunicationi
511 3683 564 3746 vel
593 3684 811 3747 interdictioni
839 3684 998 3748 subicere.
1045 3683 1252 3767 Sepulturam
1277 3703 1409 3765 quoque
1433 3683 1580 3745 eiusdem
1612 3681 1675 3744 loci
1699 3683 1834 3745 omnino

159 3772 295 3836 liberam
320 3792 390 3835 esse
414 3772 628 3849 decernimus,
652 3783 688 3837 ut
703 3794 824 3849 eorum,
849 3775 903 3854 qui
920 3774 985 3837 illic
1000 3773 1128 3856 sepeliri
1144 3773 1404 3847 deliberaverint,
1427 3773 1596 3834 devotioni
1618 3778 1651 3834 et
1667 3779 1835 3834 extremae

158 3862 335 3937 voluntati,
366 3863 426 3924 nisi
458 3861 543 3925 forte
576 3865 850 3927 excommunicati
874 3865 956 3944 sint,
977 3862 1083 3926 nullus
1114 3864 1260 3926 obsistat
1313 3859 1348 3924 Si
1380 3862 1452 3943 quis
1484 3881 1564 3942 ergo
1594 3862 1627 3922 in
1659 3862 1834 3923 crastinum

158 3950 429 4034 archiepiscopus
451 3960 509 4014 aut
531 3953 717 4036 episcopus,
748 3954 927 4035 imperator
955 3961 1012 4015 aut
1035 3972 1102 4027 rex,
1134 3954 1287 4034 princeps
1311 3958 1367 4014 aut
1390 3951 1466 4026 dux,
1499 3969 1619 4024 comes,
1642 3950 1834 4024 vicecomes

157 4042 260 4104 iudex
276 4048 333 4103 aut
354 4041 573 4105 ecclesiastica
589 4040 756 4123 quaelibet
777 4041 993 4122 secularisque
1009 4062 1158 4124 persona,
1181 4040 1265 4103 hanc
1281 4048 1411 4103 nostrae
1428 4040 1666 4102 constitutionis
1683 4039 1835 4120 paginam

157 4132 274 4205 sciens,
298 4138 413 4193 contra
437 4150 509 4193 eam
532 4140 657 4194 temere
680 4133 790 4194 venire
812 4133 994 4206 tentaverit,
1020 4131 1167 4194 secundo
1190 4131 1330 4193 tertiove
1357 4131 1567 4204 commonita,
1599 4129 1625 4190 si
1655 4148 1721 4190 non
1744 4130 1834 4190 satis·

157 4220 303 4283 factione
328 4240 471 4302 congrua
499 4221 731 4296 emendaverit,
762 4223 936 4303 potestatis
966 4219 1164 4299 honorisque
1195 4221 1243 4282 sui
1274 4219 1433 4301 dignitate
1463 4227 1581 4292 careat,
1613 4236 1769 4299 reamque
1798 4237 1835 4280 se

156 4309 270 4371 divino
294 4309 415 4373 iudicio
440 4310 579 4373 existere
602 4309 645 4373 de
669 4317 857 4392 perpetrata
879 4311 1048 4390 iniquitate
1072 4316 1259 4390 cognoscat,
1291 4315 1324 4371 et
1347 4328 1366 4370 a
1389 4307 1605 4371 sacratissimo
1634 4327 1835 4389 corporeae

155 4398 316 4480 sanguine
338 4398 393 4461 dei
417 4406 451 4461 et
472 4399 608 4474 domini,
639 4400 858 4482 redemptoris
882 4401 983 4463 nostri
1007 4401 1079 4462 lesu
1104 4397 1232 4473 Christi,
1264 4396 1458 4472 alienafiat,
1489 4405 1589 4476 atque
1621 4397 1653 4458 in
1684 4403 1834 4459 extremo

156 4489 314 4550 examine
337 4488 505 4551 districtae
529 4487 639 4551 ultioni
661 4488 838 4552 subiaceat
886 4487 1018 4551 Cunctis
1046 4496 1166 4562 autern,
1197 4488 1302 4550 eidem
1327 4487 1403 4550 loco
1435 4488 1517 4549 iusta
1548 4485 1761 4560 servantibus,
1794 4486 1837 4547 sit

155 4597 227 4660 pax
242 4576 367 4639 domini
384 4579 484 4640 nostri
501 4580 573 4641 lesu
591 4577 719 4653 Christi,
742 4579 893 4660 quatinus
906 4578 967 4660 (et)
982 4576 1035 4640 hic
1052 4577 1190 4641 fructum
1206 4577 1314 4640 bonae
1329 4578 1467 4639 actionis
1483 4576 1674 4658 percipiant,
1698 4582 1731 4636 et
1746 4574 1835 4657 apud

156 4666 340 4729 districtum
357 4667 499 4730 iudicem
517 4669 663 4750 praemia
679 4676 832 4731 aeternae
848 4669 938 4750 pacis
953 4667 1125 4730 inveniant.
1165 4667 1283 4729 Amen.
1323 4665 1440 4728 Amen.
1473 4665 1592 4727 Amen.
1609 4698 1651 4709 —
1668 4663 1835 4746 Scriptum

156 4777 218 4839 per
243 4776 375 4818 manum
399 4757 492 4831 Petri,
517 4759 644 4832 notarii,
667 4759 841 4838 regionarii
866 4753 910 4842 [et
933 4753 1086 4843 scrinarii]
1109 4758 1192 4818 sacri
1216 4756 1337 4837 palatii.

322 4845 376 4924 (R)
399 4847 473 4927 Ego
497 4844 658 4909 Paschalis
681 4846 840 4910 catholice
865 4846 1003 4909 ecclesie
1027 4848 1202 4928 episcopus
1222 4845 1251 4923 a)
1275 4865 1316 4906 ss.
1340 4844 1403 4921 (Μ)

321 4934 443 4998 Datum
468 4956 528 5017 per
551 4955 683 4999 manum
700 4934 861 5010 Iohannis,
885 4944 998 4998 sancte
1022 4935 1170 4998 Romane
1193 4934 1332 4997 ecclesie
1348 4933 1478 4997 diaconi
1503 4929 1683 4995 cardinalis.
1729 4944 1753 4992 v
1768 4929 1836 4992 Ka-

153 5022 271 5086 lendas
306 5025 421 5087 Martii
471 5024 650 5089 Indictione
673 5039 705 5088 x.
759 5024 991 5088 lncarnationis
1024 5026 1209 5088 dominicae
1240 5044 1327 5086 anno
1350 5036 1435 5086 Men.
1482 5021 1692 5085 Pontificatus
1722 5028 1833 5083 autem

154 5115 273 5177 domni
299 5113 463 5177 Paschalis
487 5134 594 5198 papae
618 5128 665 5176 111.

320 5230 444 5295 Abschrist
460 5231 500 5279 des
519 5228 576 5279 MS.
595 5231 638 5278 lat.
660 5231 745 5280 13915
756 5232 807 5295 sol.
827 5231 885 5289 138,
904 5229 930 5278 in
948 5229 992 5278 der
1008 5229 1071 5279 Bibl.
1091 5229 1219 5278 Nationalc
1235 5245 1265 5276 au
1285 5226 1365 5275 Paris.

319 5304 382 5350 Rota
399 5302 455 5350 und
471 5300 640 5368 Monogramm
658 5301 718 5352 sind
731 5302 899 5369 bergmiclmct.
937 5303 999 5350 Rota
1017 5301 1064 5352 Nr.
1084 5304 1100 5350 ὀ
1119 5302 1150 5351 B.
1187 5299 1356 5367 Momgramm
1374 5298 1422 5348 Nr.
1444 5301 1466 5349 1.

156 5448 379 5456 ...-—-—---.-
389 5446 584 5453 —.-.-..-—-—

322 5536 347 5597 a)
368 5548 441 5596 papa.
