3974 6188
158 274 217 322 122

153 466 293 527 cumque
323 447 410 509 bona
442 448 529 510 idem
555 451 788 512 monasterium
819 450 851 511 in
882 449 1115 529 presentiarum
1147 449 1230 508 iuste
1253 454 1286 508 et
1319 447 1473 507 canonice
1505 443 1668 524 possidet,
1698 451 1755 506 aut
1788 444 1822 505 in

153 536 294 598 futurum
318 537 529 599 concessione
552 537 750 620 pontificum,
776 537 946 619 largitione
968 557 1081 617 regum
1105 535 1156 598 vel
1180 536 1376 617 principum,
1400 534 1567 596 oblatione
1595 530 1741 594 fidelium
1764 552 1823 595 seu

153 625 222 687 aliis
245 626 336 687 iustis
360 626 465 688 modis
487 627 551 688 deo
581 628 724 709 propitio
757 628 877 708 poterit
899 626 1041 707 adipisci,
1069 624 1162 687 firma
1184 625 1280 686 vobis
1303 624 1483 704 vestrisque
1512 622 1758 683 successoribus
1789 630 1823 683 et

153 714 277 776 illibata
289 724 508 796 permaneant.
538 717 574 777 ln
588 716 706 796 quibus
718 714 779 778 hec
790 716 928 796 propriis
949 714 975 799 τι)
991 715 1143 776 duximus
1157 713 1370 794 exprimenda
1382 712 1549 774 vocabulis
1568 710 1612 794 b):
1625 709 1822 786 oblationes,

153 803 296 865 decimas
327 813 360 867 et
392 804 547 884 primitias
575 806 617 866 de
649 806 800 866 omnibus
829 805 943 867 vestris
966 807 1035 866 sive
1066 803 1108 864 de
1139 801 1390 885 preceptalibus,
1423 800 1701 883 quemadmodum
1734 800 1821 862 idem

154 894 386 954 monasterium
419 913 473 955 eas
503 892 659 955 hactenus
689 894 877 975 possedisse
909 894 1126 975 dignoscitur,
1165 892 1296 973 plebem
1328 893 1432 952 sancti
1463 889 1648 963 Benedicti,
1686 888 1821 970 plebem

154 990 265 1042 sancte
288 982 392 1043 Marie
423 983 506 1043 inter
528 981 675 1056 Fossata,
706 983 837 1064 plebem
861 991 972 1045 sancte
997 982 1099 1044 Marie
1126 981 1169 1043 de
1191 980 1336 1053 Lamula,
1369 979 1501 1060 plebem
1533 978 1634 1040 sancti
1658 977 1756 1039 Blasii
1780 977 1823 1039 de

153 1070 272 1144 Rocca,
304 1071 534 1131 monasterium
566 1072 609 1132 de
633 1071 797 1145 Ceras010,
822 1072 992 1134 ecclesiam
1017 1069 1118 1132 sancti
1141 1070 1268 1131 Nicolai
1293 1069 1335 1130 de
1359 1067 1570 1139 Archidoss0,
1595 1075 1628 1128 et
1652 1066 1821 1129 ecclesiam

154 1160 255 1220 sancti
278 1158 449 1220 Fortunati
473 1161 515 1221 de
539 1159 690 1223 Corneto.
737 1158 901 1240 Quicquid
925 1159 1054 1222 habetis
1078 1161 1109 1220 in
1134 1158 1272 1220 ecclesia
1295 1158 1396 1220 sancti
1419 1157 1586 1223 Pancratii,
1610 1163 1643 1217 et
1667 1154 1821 1217 ecclesias

153 1256 264 1309 sancte
279 1248 441 1309 Restitute
457 1258 490 1309 et
512 1251 614 1310 sancti
631 1246 751 1323 Savini,
774 1252 983 1312 medietatem
1001 1249 1095 1310 castri
1110 1247 1319 1321 Radecolani,
1342 1256 1375 1308 et
1391 1266 1524 1308 censum
1541 1265 1600 1307 sex
1617 1244 1821 1307 marcharum

155 1357 214 1417 pro
238 1335 299 1399 alia
323 1337 508 1410 medietate,
533 1357 613 1418 quas
636 1358 655 1399 a
671 1339 820 1401 Romana
836 1338 972 1400 ecclesia
989 1337 1119 1418 singulis
1136 1339 1226 1398 annis
1243 1337 1371 1397 debetis
1388 1338 1567 1417 percipere.
1607 1332 1821 1396 Prohibemus

154 1426 262 1500 etiam,
294 1435 329 1487 ut
352 1425 427 1487 nulli
459 1426 569 1488 abbati
599 1446 660 1488 nec
686 1428 781 1489 alicui
805 1428 937 1489 omnino
968 1426 1137 1489 hominum
1162 1425 1267 1498 liceat,
1300 1425 1512 1486 medietatem
1544 1423 1691 1485 eiusdem
1717 1424 1820 1498 castri,

155 1534 253 1594 quam
277 1514 318 1577 ad
343 1534 456 1576 manus
472 1523 595 1577 vestras
611 1517 764 1588 retinetis
788 1516 912 1595 absque
929 1515 1068 1577 Romani
1085 1513 1248 1596 pontificis
1264 1514 1391 1575 licentia
1409 1513 1542 1575 cuilibet
1557 1513 1645 1587 dare,
1669 1512 1820 1585 vendere,

154 1603 275 1677 locare,
308 1610 509 1665 commutare
540 1623 595 1665 seu
628 1604 807 1684 quamlibet
839 1605 958 1666 exinde
990 1606 1233 1666 concessionem
1267 1603 1383 1664 lacere.
1431 1602 1553 1665 Crisma
1584 1620 1680 1675 vero,
1712 1600 1819 1663 oleum

154 1702 311 1767 sanctum,
328 1695 588 1755 consecrationes
603 1694 752 1755 altarium
769 1714 825 1756 seu
842 1695 1058 1765 basilicarum,
1075 1692 1297 1754 ordinationes
1310 1691 1543 1753 monachorum
1557 1689 1607 1752 vel
1620 1689 1819 1763 clericorum,

154 1782 210 1859 qui
233 1782 274 1842 ad
298 1801 408 1843 sacros
438 1781 567 1871 ordines
598 1782 716 1845 suerint
739 1783 964 1865 promovendi,
995 1783 1215 1844 adiocesano
1248 1782 1431 1862 suscipiatis
1460 1781 1628 1861 episcopo,
1660 1778 1819 1857 siquidem

154 1869 332 1932 catholicus
355 1870 449 1931 fuerit
473 1879 506 1932 et
528 1872 663 1950 gratiam
688 1881 785 1952 atque
810 1874 1073 1934 communionem
1097 1871 1184 1933 sedis
1209 1869 1390 1951 apostolice
1418 1868 1569 1931 habuerit
1599 1876 1631 1931 et
1655 1887 1694 1930 ea
1725 1868 1820 1948 gratis

154 1966 187 2020 et
209 1959 334 2038 absque
356 1959 465 2040 aliqua
489 1961 649 2040 pravitate
672 1962 765 2022 vobis
790 1960 927 2022 voluerit
957 1959 1123 2022 exhibere.
1171 1959 1329 2038 Alioquin
1361 1957 1457 2021 liceat
1480 1958 1583 2031 vobis,
1614 1955 1819 2029 catholicum,

154 2065 395 2128 quemcumque
419 2047 601 2121 malueritis,
632 2050 721 2111 adire
753 2053 939 2124 antistitem,
969 2050 1023 2129 qui
1052 2051 1201 2110 nimirum
1234 2056 1345 2110 nostra
1376 2048 1474 2109 fultus
1497 2046 1699 2120 auctoritate,
1732 2046 1819 2126 quod

155 2136 344 2218 postulatur,
366 2136 540 2218 indulgeat.
588 2136 643 2200 Ad
677 2138 847 2219 exemplar
877 2158 1009 2220 quoque
1034 2138 1275 2219 predecessoris
1299 2137 1408 2210 nostri,
1438 2136 1559 2198 Leonis
1583 2155 1670 2217 pape
1694 2147 1770 2196 v1111
1790 2136 1819 2209 ¹),

154 2226 323 2287 cuiuslibet
367 2224 504 2288 ecclesie
541 2227 745 2289 sacerdotem
784 2230 817 2289 in
856 2227 983 2309 prelato
1022 2229 1219 2289 monasterio
1258 2225 1438 2304 quamlibet
1474 2224 1733 2287 iurisdictionem
1771 2221 1820 2285 vel

155 2322 353 2396 potestatem
381 2334 437 2376 seu
466 2318 692 2378 auctoritatem
718 2325 827 2398 preter
849 2317 936 2378 sedis
960 2316 1142 2397 apostolice
1166 2315 1354 2396 pontificem
1377 2314 1500 2376 habere
1523 2312 1746 2395 prohibemus
1769 2314 1820 2383 ita,

155 2411 190 2464 ut
214 2404 271 2465 nisi
294 2404 336 2465 ab
361 2404 481 2465 abbate
504 2405 648 2467 eiusdem
675 2406 858 2467 monasterii
881 2405 974 2467 fuerit
996 2405 1156 2477 invitatus,
1188 2407 1357 2466 missarum
1388 2402 1512 2466 ibidem
1539 2402 1711 2464 sollemnia
1735 2400 1820 2463 nullo

156 2493 256 2554 modo
288 2492 454 2554 celebrare
486 2502 665 2573 presumat,
696 2503 745 2555 set
776 2495 863 2556 idem
895 2496 1126 2556 monasterium
1151 2494 1212 2555 sub
1237 2494 1435 2575 proprietate
1466 2500 1500 2554 et
1530 2491 1676 2554 dominio
1709 2510 1748 2552 ac
1776 2490 1819 2552 di·

154 2582 335 2662 spositione
366 2590 477 2643 sancte
507 2582 656 2644 Romane
686 2582 821 2645 ecclesie
851 2582 987 2646 liberum
1015 2585 1227 2664 quietumque
1263 2584 1427 2644 consistat
1474 2580 1693 2644 Concedimus
1724 2581 1819 2642 etiam

154 2671 248 2732 vobis
273 2671 426 2752 placitum
450 2673 595 2732 omnium
621 2671 813 2734 clericorum
837 2680 1015 2734 vestrarum
1047 2671 1267 2733 ecclesiarum.
1313 2671 1497 2745 AddenteS,
1527 2678 1561 2731 ut
1592 2668 1728 2731 clericos
1756 2669 1821 2730 sive

155 2758 254 2821 laicos
285 2760 422 2833 liberoS,
463 2759 650 2821 seculariter
680 2763 842 2836 viventes,
882 2762 923 2822 ad
955 2762 1200 2823 conversionem
1237 2760 1434 2841 suscipiendi
1468 2758 1657 2821 facultatem
1688 2758 1821 2820 liberam

155 2847 312 2910 habeatis.
334 2847 458 2909 Verum
474 2848 626 2927 quoniam
643 2850 776 2912 devotio
800 2858 864 2923 tua,
888 2849 1005 2912 dilecte
1022 2852 1054 2911 in
1071 2850 1204 2912 domino
1229 2848 1280 2922 fili,
1304 2848 1430 2912 Raineri
1447 2849 1559 2923 abbas,
1582 2848 1667 2910 circa
1685 2855 1822 2909 matrem

155 2945 254 3012 tuam,
276 2944 420 2999 sanctam
437 2937 618 2998 Romanam
642 2939 821 3012 ecclesiam,
837 2941 978 3001 maxime
1001 2939 1204 3019 temporibus
1227 2941 1345 3001 nostris
1361 2940 1520 3020 apparuit,
1543 2956 1719 3019 personam
1735 2944 1821 2998 tuam

156 3034 189 3087 et
212 3046 270 3108 per
292 3026 356 3089 hoc
379 3025 585 3088 commissam
609 3028 666 3089 tibi
690 3028 861 3089 ecclesiam
885 3031 917 3090 in
943 3029 1177 3109 presentiarum
1202 3028 1349 3107 cupimus
1372 3027 1542 3102 honorare,
1573 3034 1606 3088 et
1629 3025 1821 3106 dignitatem

156 3117 262 3188 mitre,
286 3115 369 3177 anuli
394 3122 427 3176 et
449 3113 555 3177 baculi
579 3125 678 3196 atque
701 3116 880 3178 sandalium
906 3117 963 3179 tibi
988 3126 1021 3178 et
1045 3137 1103 3197 per
1126 3125 1159 3178 te
1181 3117 1243 3177 tuis
1265 3116 1506 3179 successoribus
1529 3114 1714 3197 apostolice
1737 3114 1823 3176 sedis

155 3203 356 3284 benignitate
379 3203 535 3283 largimur
557 3212 590 3265 et
614 3207 773 3286 presentis
795 3206 903 3286 scripti
936 3209 1054 3287 pagina
1078 3205 1317 3267 confirmamus.
1364 3202 1561 3278 StatuenteS,
1594 3212 1629 3265 ut
1657 3212 1727 3265 tam
1760 3202 1823 3275 tibi,

156 3313 253 3373 quam
286 3293 348 3354 tuis
381 3292 622 3354 successoribus
645 3294 766 3356 amodo
797 3293 916 3356 licitum
945 3296 998 3369 sit,
1029 3293 1124 3356 huius
1147 3295 1315 3376 dignitatis
1339 3294 1467 3356 deferre
1491 3294 1626 3373 insignia
1658 3299 1692 3355 et
1724 3293 1771 3354 eis
1793 3291 1824 3352 in

156 3381 270 3443 divinis
294 3380 410 3444 officiis
433 3381 590 3443 decorari.
630 3380 783 3445 Obeunte
799 3404 876 3446 vero
895 3392 937 3458 te,
962 3404 1046 3446 nunc
1062 3383 1209 3445 eiusdem
1227 3382 1290 3444 loci
1307 3383 1435 3455 abbate,
1460 3383 1509 3445 vel
1527 3391 1657 3443 tuorum
1673 3379 1824 3460 quolibet

154 3490 388 3544 successorum,
415 3468 519 3531 nullus
534 3470 577 3532 ibi
593 3472 740 3549 qualibet
760 3472 786 3555 c)
800 3474 1013 3554 surreptionis
1035 3474 1151 3534 astutia
1173 3471 1225 3534 vel
1247 3470 1399 3534 violentia
1423 3479 1630 3553 preponatur,
1653 3480 1705 3532 set
1729 3468 1824 3532 liceat

156 3560 267 3633 vobiS,
298 3560 463 3621 communi
496 3558 631 3621 consilio
664 3560 716 3622 vel
746 3561 828 3642 parti
858 3562 985 3623 consilii
1018 3560 1160 3636 sanioris,
1189 3561 1371 3622 secundum
1402 3562 1456 3622 dei
1487 3563 1639 3622 timorem
1673 3568 1707 3622 et
1736 3559 1823 3621 beati

155 3649 323 3710 Benedicti
347 3647 492 3728 regulam
516 3647 640 3727 absque
664 3648 756 3711 ullius
779 3651 1035 3712 contradictione
1065 3651 1220 3712 abbatem
1246 3650 1374 3731 eligere.
1420 3650 1637 3712 Decernimus
1668 3667 1759 3730 erg0,
1789 3655 1823 3709 ut

156 3736 230 3799 nulli
255 3738 387 3799 omnino
410 3736 578 3799 hominum
595 3737 698 3812 liceat,
722 3739 809 3801 idem
827 3741 1058 3802 monasterium
1078 3748 1202 3801 temere
1222 3738 1414 3819 perturbare
1437 3748 1492 3800 aut
1513 3740 1581 3800 eius
1596 3739 1823 3820 possessiones

155 3826 282 3889 auferre
303 3825 355 3888 vel
378 3825 503 3887 ablatas
526 3824 670 3901 retinere,
698 3829 842 3890 minuere
871 3848 928 3890 seu
959 3827 1157 3908 quibuslibet
1185 3828 1414 3890 vexationibus
1445 3828 1591 3908 fatigare.
1637 3824 1822 3907 Nullusque

156 3917 233 3991 dux,
263 3912 414 3988 marchio,
444 3933 564 3988 comes
592 3915 783 3990 vicecomes
814 3917 961 3980 castaldo
985 3917 1036 3980 vel
1060 3917 1122 3979 alia
1146 3919 1293 3996 quamvis
1326 3936 1442 3997 magna
1464 3936 1521 3977 seu
1553 3935 1652 3997 parva
1676 3934 1824 3997 persona,

154 4003 254 4066 ullum
285 4003 465 4065 districtum
497 4004 528 4064 in
558 4003 721 4085 aliquibus
750 4005 829 4068 locis
852 4006 951 4087 ipsius
975 4008 1162 4069 monasterii
1190 4006 1312 4068 habere
1343 4006 1393 4067 vel
1423 4005 1567 4067 iudicare
1596 4023 1654 4066 seu
1687 4003 1823 4084 aliquod

155 4093 307 4174 placitum
330 4100 443 4154 tenere
465 4093 592 4167 audeat,
615 4096 676 4156 nisi
700 4095 741 4156 ab
766 4095 864 4177 ipsius
888 4096 1015 4157 cenobii
1039 4096 1160 4157 abbate
1176 4095 1270 4156 fuerit
1285 4097 1448 4156 invitatus.
1487 4091 1555 4155 Sed
1572 4093 1680 4156 omnia
1697 4094 1823 4173 integra

155 4189 386 4244 conserventur
409 4201 529 4254 eorum,
560 4203 620 4262 pro
644 4204 781 4264 quorum
805 4184 1042 4264 gubernatione
1074 4205 1112 4246 ac
1139 4185 1374 4246 sustentatione
1404 4203 1559 4245 concessa
1589 4190 1681 4256 sunt,
1713 4182 1823 4243 usibus

156 4270 353 4332 omnimodis
376 4269 560 4349 profutura,
593 4271 681 4333 salva
712 4273 743 4334 in
774 4273 926 4335 omnibus
950 4272 1131 4354 apostolice
1153 4273 1239 4335 sedis
1267 4272 1468 4335 auctoritate.
1515 4271 1570 4332 Ad
1595 4270 1688 4332 huius
1712 4273 1823 4351 itaque

155 4361 363 4441 proprietatis
386 4366 419 4418 et
449 4357 603 4421 libertatis
633 4361 787 4423 indicium
819 4362 902 4424 duos
932 4362 1091 4424 bizantios
1114 4382 1229 4425 aureos
1252 4363 1346 4425 nobis
1370 4362 1554 4440 nostrisque
1579 4358 1824 4422 successoribus

154 4448 333 4510 annualiter
354 4447 554 4528 persolvetis.
600 4449 634 4511 Si
659 4470 723 4531 qua
747 4452 843 4531 igitur
865 4452 897 4513 in
921 4450 1062 4513 futurum
1087 4451 1306 4514 ecclesiastica
1329 4450 1522 4514 secularisve
1554 4469 1727 4531 persona.
1755 4495 1762 4509 .
1787 4496 1793 4509 .
1818 4495 1825 4508 .

155 4536 287 4600 Cunctis
310 4545 419 4599 autem
446 4583 452 4596 .
475 4584 482 4596 .
507 4583 514 4597 .
538 4537 710 4600 inveniant.
758 4539 876 4601 Amen.

368 4624 423 4702 (R)
447 4626 521 4706 Ego
545 4624 736 4689 Anastasius
761 4626 920 4691 catholice
944 4628 1081 4691 ecclesie
1105 4630 1278 4712 episcopus
1301 4648 1343 4690 ss.

367 4713 387 4794 †
411 4713 483 4794 Ego
507 4713 582 4796 Ugo
607 4714 788 4778 Hostiensis
812 4719 988 4800 episcopus
1012 4739 1053 4779 ss.
1183 4722 1185 4726 ’

365 4839 408 4849 -
432 4804 453 4880 †
476 4802 547 4883 Ego
572 4803 680 4867 Guido
704 4806 866 4887 presbiter
889 4806 1057 4870 cardinalis
1080 4807 1126 4869 tit.
1149 4807 1253 4868 sancti
1277 4805 1449 4887 Grisogoni
1473 4826 1515 4868 ss.

366 4891 387 4968 †
409 4892 481 4971 Ego
506 4891 678 4955 Hubaldus
702 4895 864 4976 presbiter
888 4897 1058 4958 cardinalis
1082 4898 1129 4957 tit.
1152 4904 1262 4958 sancte
1287 4894 1443 4958 Praxedis
1466 4916 1507 4957 ss,

366 4979 386 5058 †
411 4980 482 5061 Ego
506 4980 697 5044 Manfredus
720 4984 882 5064 presbiter
905 4986 1078 5047 cardinalis
1101 4995 1211 5047 sancte
1235 4983 1353 5047 Savine
1376 5005 1416 5045 ss.

366 5070 387 5145 'r
410 5068 482 5149 Ego
507 5068 680 5133 Aribertus
704 5073 864 5152 presbiter
888 5074 1056 5136 cardinalis
1079 5076 1127 5135 tit.
1151 5084 1263 5136 sancte
1286 5074 1461 5137 Anastasie
1484 5094 1524 5135 ss.

366 5156 386 5235 †
409 5156 482 5237 Ego
506 5159 602 5221 lulius
625 5162 786 5242 presbiter
809 5163 981 5224 cardinalis
1004 5165 1052 5225 tit.
1077 5165 1180 5224 sancti
1206 5164 1350 5225 Marcelli
1374 5183 1415 5224 ss.

366 5245 386 5324 †
410 5245 482 5327 Ego
506 5246 605 5310 Wido
629 5250 791 5330 presbiter
813 5252 983 5314 cardinalis
1007 5252 1052 5314 tit.
1076 5252 1217 5314 Pastoris
1240 5273 1281 5313 ss.

366 5337 387 5413 †
410 5333 482 5416 Ego
505 5337 662 5400 Astaldus
686 5340 845 5420 presbiter
869 5342 1036 5403 cardinalis
1061 5343 1108 5403 tit.
1131 5349 1241 5402 sancte
1264 5342 1373 5403 Prisce
1397 5360 1460 5401 sss

369 5457 409 5469 —
433 5425 453 5502 i
476 5425 549 5505 Ego
574 5423 651 5489 Odo
675 5429 831 5490 diaconus
855 5431 1028 5491 cardinalis
1052 5430 1153 5491 sancti
1177 5429 1307 5510 Georgii
1331 5429 1372 5490 ad
1396 5428 1517 5490 Velum
1541 5450 1676 5492 aureum
1701 5450 1742 5491 ss.

312 5628 338 5679 a)
357 5619 459 5681 propria
531 5619 557 5685 b)
576 5620 699 5669 vocabula
771 5624 794 5683 c)
814 5623 935 5685 qualibus
954 5662 1006 5669 ...
1025 5627 1060 5690 J)
1084 5624 1142 5672 (fri.
1163 5640 1217 5671 tum
1242 5626 1269 5669 19
1292 5622 1352 5686 Julr'
1372 5623 1444 5670 1050.
