3982 6194
1768 280 1827 345 127

902 445 969 520 Nr.
999 450 1084 522 120.

156 576 356 640 Anastasius
377 577 441 642 IV
456 578 574 641 ne'mmt
595 578 649 640 die
674 576 948 659 Kellegiatke'rclee
976 577 1044 641 San
1068 578 1213 642 efferente
1235 580 1274 642 di
1295 578 1374 642 Pe'sa
1398 582 1432 643 in
1454 581 1685 664 aposteliscleen
1709 580 1829 644 Scleeets

585 666 653 729 und
672 666 821 749 besrtngrt
842 665 914 730 e'lere
937 667 1169 730 Bese'tstlezimee
1192 669 1260 731 tend
1280 668 1397 732 Reclete

728 804 811 862 1153
833 800 1009 863 December
1028 804 1062 865 2.
1110 802 1258 864 Lateran.

318 934 513 997 Anastasius
538 935 731 1015 episcopuS,
762 955 874 996 servus
897 955 1064 997 servorum
1089 937 1151 1009 dei,
1182 935 1306 999 dilectis
1329 936 1402 999 liliis
1425 936 1537 1009 Leoni,
1569 938 1667 1018 priori
1693 936 1827 1020 ecclesie

155 1024 256 1084 sancti
281 1024 417 1086 Martini
446 1025 488 1085 de
512 1023 676 1097 Guinzica,
708 1024 841 1103 eiusque
864 1024 1023 1097 fratribus
1055 1033 1121 1086 tam
1146 1026 1353 1106 presentibus
1376 1046 1473 1104 quam
1498 1025 1618 1095 futuris,
1649 1026 1827 1107 regularem

155 1113 252 1174 vitam
287 1113 455 1195 professis,
487 1126 525 1175 ΙΝ
548 1125 626 1174 ΡΡΜ.
650 1147 693 1157 -
713 1112 718 1192 l
739 1113 831 1174 Iustis
855 1113 1075 1194 religiosorum
1099 1116 1267 1176 desideriis
1298 1117 1482 1177 consentire
1512 1135 1549 1176 ac
1580 1115 1828 1177 rationabilibus

156 1222 269 1263 eorum
303 1202 580 1284 postulationibus
607 1201 784 1264 clementer
805 1221 957 1276 annuere,
982 1202 1162 1283 apostolice
1191 1205 1286 1278 sedis,
1318 1207 1376 1280 cui,
1409 1204 1565 1284 largiente
1596 1205 1740 1279 domim,
1772 1206 1828 1265 de·

155 1292 330 1365 servimuS,
364 1293 539 1353 auctoritas
571 1298 604 1352 et
634 1290 773 1371 fraterne
805 1292 946 1353 caritatis
966 1289 970 1372 Ι
992 1294 1096 1353 unitas
1128 1313 1187 1353 nos
1217 1292 1373 1355 hortatur.
1427 1291 1624 1373 Eapropter‚
1657 1293 1763 1355 dilecti
1796 1296 1828 1354 in

156 1380 294 1442 domino
318 1378 381 1454 filii,
405 1382 519 1441 vestris
543 1379 631 1440 iustis
654 1381 868 1461 petitionibus
892 1379 1069 1442 clementer
1091 1382 1268 1456 annuimus,
1293 1390 1325 1445 et
1347 1382 1616 1463 predecessorum
1633 1391 1827 1454 nostrorum,

154 1469 240 1545 bone
272 1471 432 1550 memorie
463 1468 671 1531 [Nuocmss
691 1470 713 1548 ¹)
746 1477 778 1530 et
801 1469 904 1531 LUCII
921 1470 955 1548 2),
984 1490 1185 1532 summorum
1217 1471 1427 1550 pontificum,
1458 1472 1602 1552 vestigiis
1634 1470 1827 1545 inherentes,

155 1558 317 1637 prefatam
346 1559 449 1620 sancti
475 1559 604 1620 Martini
637 1557 816 1631 ecclesiam,
848 1560 879 1620 in
912 1576 976 1636 qua
1006 1560 1115 1620 divino
1148 1561 1320 1641 mancipati
1354 1562 1432 1621 estis
1456 1561 1625 1640 obsequio,
1656 1559 1717 1621 sub
1740 1561 1827 1622 beati

155 1647 237 1707 Petri
263 1656 297 1709 et
322 1656 434 1709 nostra
465 1648 668 1728 protectione
699 1648 891 1728 suscipimus
922 1655 955 1708 et
983 1650 1141 1728 presentis
1171 1651 1281 1730 scripti
1307 1649 1476 1730 privilegio
1501 1648 1745 1710 communimus.
1792 1648 1827 1710 ln

156 1735 266 1815 primis
291 1738 456 1815 siquidem
480 1744 668 1808 statuentes,
693 1744 729 1797 ut
752 1737 835 1798 ordo
859 1737 1040 1809 canonicus,
1065 1740 1120 1816 qui
1144 1739 1322 1800 secundum
1347 1740 1434 1801 beati
1459 1736 1661 1799 AUGUST1N1
1685 1737 1826 1818 regulam

155 1824 277 1886 ibidem
311 1828 457 1888 noscitur
488 1826 660 1897 institutus
691 1827 859 1906 perpetuis
890 1825 1095 1905 temporibus
1127 1828 1158 1888 in
1191 1828 1306 1888 eadem
1337 1827 1474 1889 ecclesia
1498 1826 1729 1888 inviolabiliter
1752 1847 1827 1888 con-

155 1922 312 1976 servetur.
359 1911 575 1994 Quecumque
608 1915 705 1975 etiam
739 1912 833 1987 bona,
871 1933 1095 1994 quascumque
1122 1919 1345 1996 possessiones
1378 1917 1494 1977 eadem
1526 1915 1663 1977 ecclesia
1695 1917 1726 1977 in
1757 1936 1828 1996 pre·

155 2003 333 2064 sentiarum
357 2005 441 2065 iuste
465 2012 497 2065 et
520 2004 675 2064 canonice
703 2003 850 2084 possidet
879 2014 934 2065 aut
962 2005 993 2064 in
1022 2003 1163 2066 futurum
1188 2008 1397 2067 concessione
1421 2004 1620 2086 pontificum,
1656 2005 1827 2085 largitione

156 2111 269 2172 regum
293 2091 347 2154 vel
380 2094 573 2175 principum,
607 2092 774 2154 oblatione
797 2091 955 2164 fidelium,
987 2112 1044 2154 seu
1077 2092 1145 2155 aliis
1173 2095 1262 2156 iustis
1291 2096 1397 2157 modis
1430 2096 1494 2156 deo
1529 2094 1672 2175 propitio
1706 2095 1829 2174 poterit

156 2182 307 2262 adipisci,
340 2180 432 2243 firma
459 2181 553 2243 vobis
585 2181 764 2259 vestrisque
796 2180 1037 2243 successoribus
1071 2190 1103 2244 et
1134 2182 1259 2244 illibata
1292 2192 1510 2263 permaneant.
1558 2184 1592 2245 In
1624 2182 1741 2261 quibus
1765 2181 1826 2244 hec

156 2271 297 2351 propriis
321 2270 475 2332 duximus
499 2271 713 2351 exprimenda
734 2270 912 2332 vocabulis:
939 2271 1109 2333 ecclesiam
1127 2275 1229 2333 sancti
1246 2273 1348 2334 Marci
1366 2293 1439 2335 cum
1457 2271 1609 2334 omnibus
1626 2272 1828 2351 pertinentiis

154 2361 216 2420 suis
243 2368 278 2422 et
302 2368 406 2422 terras
429 2368 529 2441 atque
550 2359 783 2439 possessiones,
809 2380 889 2440 quas
912 2361 1026 2422 Petrus
1050 2361 1092 2422 de
1116 2371 1229 2422 sancto
1248 2360 1389 2423 Genesio
1414 2381 1487 2422 cum
1512 2379 1615 2422 uxore
1638 2381 1696 2421 sua
1720 2361 1827 2421 eidem

157 2448 296 2531 ecclesie
331 2451 463 2531 pietatis
494 2450 609 2510 intuitu
642 2446 768 2511 obtulit.
814 2448 889 2510 Hoc
922 2452 1019 2511 etiam
1043 2450 1234 2524 adicientes,
1272 2459 1308 2512 ut
1339 2452 1536 2530 quicumque
1568 2448 1649 2510 infra
1682 2450 1828 2511 eiusdem

156 2540 234 2599 sacri
260 2537 328 2600 loci
352 2539 519 2612 ambitum,
543 2545 738 2619 suggerente
754 2537 897 2611 diabolo,
922 2533 1064 2622 fu[rtn]m
1090 2539 1204 2601 fecerit
1219 2547 1274 2601 aut
1296 2539 1393 2602 alicui
1409 2539 1595 2600 violentiam
1612 2537 1664 2600 vel
1682 2539 1825 2619 rapinam

157 2626 315 2701 intulerit,
347 2646 519 2707 quousque
546 2625 641 2687 vobis
673 2633 706 2688 et
736 2625 871 2710 ecclesie
903 2628 946 2688 de
977 2636 1166 2708 perpetrata
1197 2631 1341 2708 nequitia
1372 2627 1579 2700 satisfecerit,
1609 2626 1825 2689 anathematis

157 2714 283 2777 vinculo
316 2717 506 2790 innodetur,
540 2725 572 2778 et
603 2717 758 2794 quoniam
791 2717 887 2777 etiam
918 2717 1097 2778 secundum
1130 2717 1285 2779 humanas
1318 2718 1407 2800 leges
1438 2724 1647 2778 sacrosancta
1688 2716 1826 2778 ecclesia

158 2805 309 2867 omnibus
339 2806 532 2886 generaliter
555 2805 656 2866 debet
680 2824 751 2865 esse
776 2804 943 2885 refugium,
967 2804 1062 2866 simili
1092 2807 1192 2869 modo
1222 2809 1399 2879 sancimuS,
1433 2815 1466 2868 ut
1498 2808 1696 2884 quicumque
1728 2826 1825 2867 causa

158 2894 266 2956 salutis
296 2904 434 2976 propter
464 2893 599 2973 aliquod
622 2895 833 2955 commissum
865 2913 901 2955 se
931 2895 971 2954 ad
1007 2894 1147 2956 eundem
1177 2895 1283 2957 locum
1309 2896 1498 2968 contulerit,
1531 2896 1639 2956 donec
1673 2896 1762 2975 prior
1793 2903 1826 2956 et

159 2981 270 3044 fratres
286 2983 395 3064 ipsum
411 2983 453 3045 ad
469 2985 626 3045 iusticiam
651 2980 941 3066 presentaveri(n)t,
965 3003 984 3044 a
1008 2985 1135 3045 nemine
1158 2984 1365 3047 abstrahatur
1387 2994 1442 3046 aut
1465 2984 1623 3045 lesionem
1648 2993 1704 3044 aut
1728 2985 1825 3045 detri-

160 3082 304 3134 mentum
335 3072 470 3152 aliquod
503 3074 653 3154 patiatur.
700 3071 912 3133 Prohibemus
944 3073 1089 3152 insuper,
1124 3081 1158 3134 ut
1190 3073 1265 3134 nulli
1301 3094 1454 3155 umquam
1487 3075 1717 3134 canonicorum
1750 3081 1826 3153 post

161 3159 275 3222 factam
302 3162 537 3242 professionem
561 3161 687 3240 absque
710 3160 813 3222 libera
828 3162 942 3242 prioris
958 3170 991 3222 et
1007 3160 1139 3223 fratrum
1156 3162 1283 3224 licentia
1300 3161 1470 3224 ecclesiam
1485 3170 1625 3223 vestram
1644 3161 1826 3241 relinquere

161 3245 211 3333 let)
220 3250 264 3311 ad
281 3250 379 3313 alium
390 3251 498 3314 locum
515 3251 610 3313 liceat
622 3252 825 3331 pertransire,
841 3269 901 3311 nec
917 3249 1033 3329 aliquis
1050 3253 1290 3331 episcoporum,
1306 3252 1471 3324 abbatum,
1488 3253 1632 3332 priorum
1650 3250 1700 3311 vel
1718 3250 1825 3328 aliqua

161 3359 298 3418 persona
322 3359 397 3403 eum
425 3343 564 3402 retinere
596 3348 770 3421 presumat,
802 3347 853 3400 set
882 3347 1037 3420 tanquam
1068 3359 1124 3417 sue
1156 3340 1367 3421 professionis
1398 3342 1617 3423 prevaricator
1649 3341 1755 3401 redire
1783 3341 1824 3401 ad

160 3426 262 3489 locum
299 3432 468 3512 proprium
500 3428 723 3511 compellatur.
775 3428 859 3491 Sane
890 3427 1038 3489 laborum
1069 3436 1266 3501 vestrorum,
1302 3450 1384 3509 quos
1418 3429 1556 3511 propriis
1590 3428 1738 3490 manibus
1771 3437 1827 3490 aut

160 3517 343 3599 sumptibus
367 3520 481 3593 colitis,
511 3521 580 3580 sive
612 3519 653 3579 de
677 3518 879 3579 nutrimentis
902 3525 1082 3578 vestrorum
1110 3517 1296 3579 animalium
1321 3519 1425 3580 nullus
1454 3520 1586 3580 omnino
1618 3517 1751 3579 clericus
1775 3518 1826 3580 vel

160 3605 256 3668 laicus
280 3608 426 3670 decimas
450 3629 469 3670 a
490 3608 585 3670 vobis
608 3614 774 3688 presumat
797 3607 935 3687 exigere.
981 3603 1186 3687 Sepulturam
1212 3627 1343 3688 quoque
1374 3609 1474 3688 ipsius
1497 3607 1560 3668 loci
1593 3605 1728 3667 liberam
1754 3626 1826 3668 esse

161 3698 378 3772 concedimus
403 3706 439 3759 ut
462 3716 573 3759 eorum
599 3697 766 3758 devotioni
790 3704 824 3758 et
846 3703 992 3778 extreme
1015 3695 1182 3770 voluntati,
1206 3698 1260 3775 qui
1285 3716 1321 3758 se
1344 3696 1407 3759 illic
1423 3695 1552 3776 sepeliri
1570 3693 1826 3770 deliberaverint,

160 3786 214 3846 nisi
247 3785 335 3848 forte
367 3787 642 3848 excommunicati
673 3787 745 3859 sint,
777 3784 881 3847 nullus
912 3785 1050 3846 obsistat
1090 3785 1177 3847 salva
1211 3795 1319 3847 tamen
1351 3786 1475 3847 iusticia
1508 3785 1649 3846 matricis
1682 3784 1826 3869 ecclesie.

160 3873 302 3938 Clericos
325 3895 403 3938 vero
427 3877 495 3937 sive
518 3873 616 3937 laicos
640 3874 770 3947 liberos,
793 3872 980 3936 seculariter
995 3873 1147 3948 viventes,
1171 3875 1212 3935 ad
1229 3874 1473 3936 conversionem
1490 3873 1686 3955 suscipiendi
1702 3872 1827 3952 absque

158 3963 290 4025 alicuius
321 3965 580 4026 contradictione
613 3962 798 4025 facultatem
829 3962 964 4024 liberam
995 3961 1152 4024 habeatis
1205 3962 1392 4025 Inhibemus
1424 3965 1538 4035 etiam,
1570 3971 1605 4023 ut
1637 3963 1716 4024 nulli
1746 3961 1826 4024 infra

158 4051 364 4133 parrochiam
376 4063 517 4116 vestram
530 4052 699 4115 ecclesiam
716 4051 767 4112 vel
784 4051 943 4132 capellam
965 4050 1091 4131 absque
1107 4059 1215 4113 vestro
1231 4072 1361 4114 assensu
1378 4049 1603 4134 construaln)t;
1627 4071 1686 4112 vos
1709 4059 1826 4127 autem,

157 4144 182 4203 si
212 4162 290 4204 cum
328 4163 460 4205 assensu
493 4143 599 4206 Pisani
638 4139 875 4222 archiepiscopi
906 4139 1057 4202 edificare
1087 4141 1269 4214 volueritis,
1310 4142 1414 4203 nullus
1446 4139 1628 4223 prohibeat.
1671 4139 1826 4203 Mansuro

157 4239 308 4311 preterea
323 4233 355 4294 in
372 4241 565 4314 perpetuum
583 4231 717 4292 decreto
733 4229 860 4310 penitus
876 4227 1099 4310 prohibemus,
1123 4239 1158 4291 ut
1175 4230 1291 4292 nemini
1311 4230 1431 4305 abbati,
1456 4228 1618 4292 monacho
1639 4228 1691 4290 vel
1707 4228 1826 4292 clerico

156 4318 262 4395 liceat,
292 4321 388 4383 alicui
421 4318 710 4403 parrochianorum
733 4326 923 4393 vestrorum,
954 4318 1050 4381 vobis
1073 4318 1266 4394 inconsultis,
1299 4320 1509 4401 penitentiam
1534 4319 1627 4392 dare,
1659 4318 1717 4379 nisi
1742 4318 1827 4381 forte

156 4409 186 4470 in
210 4417 303 4471 tanta
326 4413 519 4473 necessitate
541 4409 642 4483 fuerit,
668 4407 757 4490 quod
781 4408 898 4470 advos
921 4427 1085 4470 recurrere
1102 4408 1232 4470 minime
1256 4409 1367 4488 possit.
1413 4408 1637 4469 Interdicimus
1660 4409 1768 4481 etiam,
1793 4416 1827 4469 ut

157 4497 235 4560 nulli
259 4498 372 4562 abbati
388 4500 439 4562 vel
461 4496 622 4561 monacho
638 4500 706 4560 sive
722 4496 839 4559 clerico
856 4496 904 4557 fas
921 4497 969 4571 sit,
993 4497 1085 4559 vobis
1100 4497 1323 4578 ignorantibus
1339 4497 1626 4580 parrochianorum
1644 4505 1824 4558 vestrorum

156 4587 298 4665 aliquem
328 4587 359 4649 in
391 4587 576 4650 infirmitate
606 4584 799 4649 monachum
831 4585 938 4648 facere
961 4585 1012 4649 vel
1042 4586 1134 4647 vobis
1167 4594 1199 4648 et
1230 4588 1364 4667 ecclesie
1392 4595 1512 4669 vestre,
1544 4605 1641 4666 quem
1670 4584 1825 4666 spirituali

157 4676 241 4749 cibo,
257 4676 337 4738 dum
352 4678 485 4752 viveret,
501 4679 584 4740 sicut
598 4685 740 4738 vestrum
757 4674 1006 4756 parrochianum
1024 4676 1174 4750 nutristis
1190 4676 1219 4736 in
1238 4686 1343 4738 morte
1363 4678 1421 4736 nisi
1439 4675 1526 4737 salva
1542 4675 1665 4736 iusticia
1681 4675 1826 4736 eiusdem

157 4765 294 4846 ecclesie
325 4766 538 4848 subripiendo
568 4765 704 4827 auferre.
753 4763 904 4827 Obeunte
928 4784 1006 4827 vero
1029 4773 1070 4837 te,
1103 4786 1186 4827 nunc
1217 4766 1361 4827 eiusdem
1386 4764 1447 4826 loci
1472 4766 1589 4844 priore,
1622 4763 1672 4825 vel
1696 4772 1825 4826 tuorum

157 4854 309 4934 quolibet
339 4875 573 4927 successorum,
605 4854 708 4917 nullus
732 4853 776 4915 ibi
808 4852 952 4932 qualibet
982 4856 1192 4934 surreptionis
1220 4857 1338 4916 astutia
1361 4874 1418 4916 seu
1442 4852 1594 4915 violentia
1618 4863 1825 4933 preponatur,

156 4953 208 5005 set
230 4943 328 5006 liceat
356 4944 460 5018 vobis,
490 4945 654 5006 communi
686 4942 822 5005 consilio
852 4942 903 5004 vel
936 4946 1036 5024 partis
1068 4942 1190 5005 consilii
1218 4944 1350 5005 sanioris
1380 4943 1559 5004 secundum
1591 4941 1642 5004 dei
1674 4944 1825 5003 timorem

156 5040 190 5094 et
214 5033 303 5095 beati
328 5031 503 5114 Augustini
532 5031 674 5113 regulam
698 5032 822 5110 absque
853 5031 948 5093 ullius
978 5032 1235 5094 contradictione
1265 5033 1404 5113 priorem
1438 5032 1568 5112 eligere.
1614 5031 1826 5092 Decernimus

156 5142 245 5202 erg0,
278 5131 314 5183 ut
344 5121 422 5184 nulli
453 5124 586 5185 omnino
608 5120 777 5183 hominum
810 5120 913 5193 liceat,
946 5121 1105 5202 prefatam
1130 5121 1299 5183 ecclesiam
1324 5171 1330 5185 .
1357 5171 1363 5183 .
1389 5171 1394 5183 .
1419 5123 1562 5183 minuere
1590 5128 1645 5181 aut
1668 5119 1827 5200 aliquibus

156 5206 413 5297 [vexatio]nibus
437 5211 572 5293 fatigare
601 5231 657 5273 seu
686 5209 848 5273 indebitas
882 5213 1069 5272 exactiones
1098 5219 1154 5272 aut
1176 5212 1324 5292 angarias
1347 5209 1399 5272 vel
1430 5230 1544 5290 pravas
1573 5208 1826 5270 consuetudines

155 5300 326 5374 inducere,
358 5308 409 5363 set
438 5303 548 5362 omnia
578 5301 732 5381 integra.
758 5298 929 5361 ..usibus
964 5301 1160 5361 omnimodis
1190 5299 1374 5380 profutura,
1411 5299 1501 5361 salva
1532 5297 1618 5360 sedis
1648 5298 1826 5382 apostolice

154 5391 350 5453 auctoritate
367 5399 401 5451 et
416 5390 521 5453 Pisani
537 5387 774 5470 archiepiscopi
789 5387 943 5449 canonica
960 5390 1092 5450 iusticia.
1132 5386 1246 5468 Siqua
1263 5391 1360 5470 igitur
1382 5436 1389 5449 .
1415 5435 1422 5450 .
1446 5437 1452 5450 .
1477 5387 1608 5451 Cunctis
1623 5396 1731 5449 autern
1757 5435 1764 5448 .
1788 5435 1795 5448 .
1821 5436 1827 5450 .

154 5482 332 5543 inveniant.
379 5477 497 5541 Amen.
521 5515 564 5524 -
588 5478 677 5540 A-m.
700 5513 744 5522 -
766 5475 885 5539 Amen.
909 5512 953 5520 -

320 5640 346 5705 1)
371 5635 432 5686 Urk.
451 5652 505 5685 vern
523 5637 558 5686 30
577 5636 724 5687 Mur'1136.
798 5637 825 5703 2)
849 5636 910 5686 brt.
928 5653 982 5685 veen
1002 5638 1036 5686 10
1054 5635 1110 5685 Mai
1129 5641 1204 5686 rite.
