3982 6194
319 462 361 511 Or.
379 460 412 510 im
430 461 542 510 Archivio
559 460 587 510 di
601 462 667 511 Statu
684 479 714 510 an
732 463 853 512 Mailnnd.

317 535 385 599 Ρη.
405 533 463 592 ital,
482 535 517 582 br.
536 536 622 594 OM,
646 537 708 599 long
723 537 774 593 ⁰2,
798 543 872 584 unten
897 537 976 593 orna
994 535 1187 599 umgrscltlagrn,
1214 534 1292 582 durch
1313 533 1370 580 cruri
1385 530 1478 580 ldckcr
1494 530 1552 595 geht
1571 530 1609 579 die
1627 529 1732 578 hellma
1747 528 1822 577 stark-

148 603 237 670 siidige
255 605 437 664 Seidmsdtnur,
462 606 533 654 deren
552 606 676 671 Bleisr'egr!
689 609 805 663 verloren,
830 607 937 673 Faltrmg
959 608 1003 656 der
1020 608 1121 656 Brcvcn.
1158 606 1205 655 llic
1221 606 1274 655 ulcr
1290 605 1498 671 Datimgsworle
1521 602 1579 652 sind
1593 602 1654 652 iiber
1672 601 1719 649 den
1733 615 1823 666 gam

156 677 237 725 Reum
255 677 394 726 terrerum
413 677 476 726 Zeile
490 677 604 726 vertheilr.

896 995 962 1070 Nr.
994 1000 1079 1072 134.

156 1124 351 1188 Anastasius
367 1124 390 1187 I
397 1123 585 1209 Vbestdtigft
597 1125 670 1189 dem
687 1126 840 1208 Biscltofe
855 1127 987 1192 Ansrlm
1008 1150 1069 1191 von
1084 1127 1159 1191 Asn'
1178 1127 1232 1191 die
1247 1126 1484 1190 Brsr‘tztlnimer
1501 1124 1569 1189 und
1582 1123 1703 1189 Rechte
1722 1125 1822 1188 scires

456 1213 664 1295 Hocltstiftrs,
686 1216 821 1280 welches
843 1239 881 1279 er
902 1220 936 1281 in
957 1217 1189 1302 apostolisclten
1212 1216 1329 1280 Schutz
1351 1216 1467 1280 nimmt
1484 1217 1521 1293 ¹).

779 1353 861 1413 1154
877 1352 975 1415 Mc'irs
989 1355 1018 1415 5.
1050 1353 1201 1416 Lateran.

316 1479 509 1544 Anastasius
531 1484 715 1566 episcopus,
747 1505 857 1548 servus
880 1506 1045 1548 servorum
1073 1487 1134 1561 dei,
1165 1486 1343 1549 venerabili
1377 1486 1464 1549 fratri
1487 1484 1658 1558 Anselmo,
1690 1481 1820 1544 Astensi

157 1568 324 1649 episcopo,
341 1571 474 1651 eiusque
497 1574 737 1635 successoribus
761 1575 948 1656 regulariter
962 1575 1204 1649 substituendis,
1227 1588 1265 1638 IN
1280 1587 1357 1637 ΡΡΜ.
1404 1574 1564 1655 Quotiens
1588 1573 1621 1634 id
1646 1572 1689 1634 ab
1714 1571 1820 1652 aliquo

158 1656 290 1719 fratrum
315 1670 497 1722 nostrorum
521 1661 697 1725 devotione
721 1663 833 1725 debita
856 1665 1073 1745 postulamur,
1105 1665 1195 1745 quod
1227 1665 1269 1726 ad
1300 1665 1443 1745 quietem
1472 1682 1564 1725 suam
1595 1671 1628 1724 et
1652 1661 1821 1724 tuitionem

156 1747 328 1809 commisse
343 1748 405 1810 sibi
423 1750 557 1812 ecclesie
581 1752 742 1831 pertinere
766 1753 951 1826 dinoscitur,
973 1765 1067 1817 tanto
1090 1754 1132 1815 ad
1157 1753 1404 1816 concedendum
1429 1752 1587 1814 debemus
1602 1750 1820 1832 promptiores

156 1834 303 1910 existere,
329 1848 452 1918 quanto
477 1838 518 1900 de
542 1840 650 1920 quiete
672 1841 872 1922 prelatorum
895 1863 934 1905 ac
957 1863 1040 1924 pace
1063 1843 1315 1905 consistentibus
1331 1843 1390 1905 sub
1408 1861 1520 1904 eorum
1536 1839 1656 1904 Christi
1672 1837 1820 1901 fidelibus

157 1923 295 1986 maiores
323 1926 477 1989 utilitates
507 1928 683 1991 animarum
718 1939 751 1992 et
782 1951 955 2012 corporum
987 1933 1193 1994 manifestum
1223 1941 1273 1994 est
1302 1931 1481 2012 pervenire.
1528 1929 1695 2010 Quoniam
1729 1928 1821 2008 igitur

155 2013 349 2076 venerabilis
373 2015 405 2077 in
430 2015 559 2078 Christo
584 2017 688 2094 frater,
712 2018 870 2083 Anselme
892 2022 1057 2102 episcope,
1081 2021 1124 2082 ad
1147 2041 1322 2102 pravorum
1336 2020 1526 2083 violentiam
1546 2016 1819 2099 compescendam

156 2111 189 2162 et
212 2104 385 2165 commisse
416 2105 475 2166 tibi
507 2106 643 2169 ecclesie
674 2107 763 2169 bona
792 2109 917 2190 integra
947 2110 1171 2172 conservanda
1200 2121 1313 2172 nostro
1345 2129 1417 2172 eam
1442 2108 1614 2189 postulasti
1639 2106 1820 2188 patrocinio

156 2192 363 2266 communiri,
395 2213 455 2255 nos
490 2196 639 2275 petitioni
671 2206 725 2258 tue
754 2197 893 2260 libenter
924 2200 1096 2261 annuimus
1126 2209 1159 2262 et
1191 2198 1352 2280 prefatam
1384 2198 1571 2270 ecclesiam,
1603 2196 1655 2257 cui
1691 2204 1820 2257 auctore

156 2278 220 2340 deo
243 2281 407 2361 presidere
431 2283 617 2360 dinosceris,
647 2285 708 2347 sub
732 2285 819 2348 beati
843 2288 928 2350 Petri
952 2298 985 2350 et
1009 2299 1119 2351 nostra
1142 2289 1346 2369 protectione
1376 2287 1569 2367 suscipimus
1602 2294 1635 2347 et
1663 2284 1820 2366 presentis

155 2369 265 2449 scripti
289 2371 461 2453 privilegio
493 2375 740 2436 communimus.
793 2375 995 2452 Statuentes,
1033 2385 1067 2439 ut
1099 2396 1321 2458 quascumque
1352 2376 1583 2457 possessiones,
1615 2392 1819 2454 quecumque

156 2457 245 2519 bona
267 2460 383 2522 eadem
406 2462 544 2524 ecclesia
567 2464 598 2524 in
621 2464 856 2544 presentiarum
887 2467 969 2529 iuste
999 2476 1033 2528 et
1059 2467 1216 2529 canonice
1243 2465 1391 2546 possidet
1420 2475 1476 2527 aut
1507 2465 1540 2526 in
1571 2463 1714 2525 futurum
1747 2481 1818 2524 con·

156 2548 303 2610 cessione
326 2549 527 2630 pontificum,
551 2552 721 2633 largitione
745 2574 857 2634 regum
879 2555 931 2617 vel
955 2557 1147 2636 principum,
1172 2555 1339 2617 oblatione
1363 2554 1507 2615 fidelium
1538 2573 1594 2614 seu
1626 2551 1698 2613 aliis
1731 2551 1819 2612 iustis

156 2635 263 2697 modis
287 2637 350 2699 deo
373 2641 518 2720 propitio
542 2642 664 2722 poterit
686 2643 839 2724 adipisci,
868 2643 960 2705 firma
989 2645 1047 2706 tibi
1080 2646 1207 2725 tuisque
1230 2643 1469 2706 successoribus
1492 2651 1524 2704 et
1547 2661 1607 2722 per
1628 2661 1689 2702 vos
1713 2639 1820 2701 eidem

156 2725 291 2787 ecclesie
315 2726 439 2789 illibata
466 2740 686 2809 permaneant.
730 2732 766 2794 In
799 2733 917 2814 quibus
948 2733 1009 2795 hec
1039 2735 1180 2815 propriis
1212 2734 1364 2795 duximus
1394 2730 1608 2812 exprimenda
1632 2729 1818 2791 vocabulis:

156 2813 323 2877 abbatiam
347 2818 450 2879 sancti
466 2819 615 2881 Dalmaci
639 2821 681 2882 de
695 2821 831 2883 Pedona
854 2842 927 2883 cum
951 2831 1065 2897 castro,
1090 2833 1178 2884 curte
1202 2830 1234 2884 et
1253 2822 1337 2884 valle
1352 2822 1436 2895 lecii,
1461 2818 1630 2901 usquead
1655 2818 1819 2891 fenestras,

156 2911 190 2965 et
212 2903 345 2983 plebem
368 2905 513 2968 eiusdem
536 2907 598 2970 loci
623 2929 696 2971 cum
720 2911 873 2972 omnibus
896 2912 1040 2973 ecclesiis
1063 2912 1105 2973 ad
1129 2932 1163 2973 se
1179 2910 1427 2991 pertinentibus
1450 2909 1617 2971 abbatiam
1633 2916 1820 2969 sanctornm

156 2989 394 3072 Apostolorum
420 3015 493 3057 cum
517 2997 668 3060 omnibus
691 3000 894 3079 pertinentiis
926 3002 1000 3075 suis,
1032 3000 1200 3062 abbatiam
1223 3001 1326 3062 sancti
1351 2997 1516 3061 Anastasii
1547 3016 1621 3060 cum
1654 2997 1721 3058 suis
1751 3016 1820 3077 per-

156 3081 315 3155 tinentiis,
346 3083 515 3146 abbatiam
547 3086 588 3148 de
618 3087 733 3150 Azano
766 3109 839 3151 cum
871 3090 1004 3152 castello
1036 3100 1068 3150 et
1099 3090 1231 3170 capellis
1263 3101 1296 3152 et
1328 3089 1480 3150 omnibus
1510 3085 1715 3168 pertinentiis
1746 3086 1821 3159 suis,

156 3169 324 3232 abbatiam
346 3174 449 3235 sancti
474 3173 674 3250 Christofori‚
705 3178 837 3258 plebem
861 3178 1152 3259 Quadrigentinam
1184 3198 1258 3240 cum
1288 3189 1403 3252 castr0,
1436 3184 1524 3238 curte
1553 3183 1586 3238 et
1609 3174 1755 3237 ecclesiis
1779 3173 1822 3235 ad

156 3278 191 3320 se
214 3261 459 3340 pertinentibus,
484 3265 616 3345 plebem
633 3266 831 3329 Oviliensem
849 3287 922 3329 cum
947 3268 1100 3330 omnibus
1124 3268 1267 3330 ecclesiis
1291 3267 1333 3328 ad
1357 3287 1391 3328 se
1415 3262 1662 3347 pertinentibus
1686 3263 1821 3345 plebem

157 3348 198 3410 de
222 3349 395 3412 Montaldo
419 3372 492 3413 cum
517 3354 660 3416 ecclesiis
684 3355 726 3416 ad
750 3376 785 3417 se
808 3358 1054 3437 pertinentibus,
1087 3356 1218 3438 plebem
1244 3357 1285 3419 de
1308 3356 1417 3418 Nante
1448 3375 1522 3417 cum
1552 3352 1697 3416 ecclesiis
1722 3351 1763 3413 ad
1788 3372 1823 3414 se

156 3438 401 3517 pertinentibus,
425 3441 555 3522 plebem
580 3453 691 3505 sancte
716 3445 818 3506 Marie
842 3447 873 3507 in
898 3445 1007 3508 Grana
1030 3466 1103 3508 cum
1128 3455 1243 3520 castro,
1273 3453 1362 3507 curte
1386 3455 1419 3506 et
1442 3444 1586 3506 ecclesiis
1618 3441 1660 3503 ad
1691 3461 1727 3503 se
1750 3461 1823 3520 per·

155 3527 341 3601 tinentibus,
374 3528 505 3610 plebem
530 3531 571 3593 de
594 3531 735 3605 Alfiano,
759 3535 846 3596 dicta
869 3534 1006 3597 ecclesia
1030 3535 1071 3596 de
1094 3535 1261 3606 Oxsench,
1292 3534 1424 3615 plebem
1448 3533 1489 3594 de
1513 3531 1662 3604 Covatio,
1688 3529 1823 3609 plebem

156 3615 197 3676 de
226 3615 418 3692 Pisenzana,
458 3619 590 3700 plebem
621 3620 662 3683 de
693 3623 866 3702 Mayrade,
903 3624 1035 3705 plebem
1067 3625 1108 3685 de
1139 3624 1326 3704 Bagnasc0‚
1368 3622 1501 3703 plebem
1532 3620 1574 3683 de
1602 3618 1822 3691 Duodecimo,

154 3702 316 3783 hospitale
339 3704 486 3770 Corvelle
510 3729 583 3771 cum
606 3730 663 3772 sua
687 3712 853 3786 canonica,
882 3712 1013 3793 plebem
1039 3712 1080 3775 de
1104 3713 1284 3774 Monsanza
1314 3731 1386 3774 cum
1419 3710 1572 3772 omnibus
1602 3707 1747 3771 ecclesiis
1780 3706 1823 3767 ad

154 3812 189 3854 se
215 3794 460 3874 pertinentibus
484 3798 616 3878 plebem
647 3802 749 3862 sancti
779 3801 848 3862 Iulii
881 3801 922 3863 de
945 3802 1087 3883 Lavegie
1110 3822 1184 3863 cum
1208 3811 1304 3875 curte,
1338 3799 1472 3862 castello
1496 3809 1530 3861 et
1552 3797 1698 3859 ecclesiis
1720 3795 1763 3857 ad
1787 3813 1823 3856 se

154 3882 400 3962 pertinentibus,
430 3886 563 3966 plebem
586 3890 688 3950 sancti
713 3887 877 3951 Vincentii
903 3891 944 3952 de
968 3892 1176 3970 Marceling0‚
1210 3891 1343 3971 plebem
1370 3889 1412 3951 de
1434 3888 1589 3961 Predoca,
1622 3885 1755 3966 plebem
1781 3884 1822 3946 de

155 3969 329 4033 Canalibus
359 3993 433 4035 cum
463 3977 615 4038 omnibus
647 3979 908 4058 possessionibus
940 3990 972 4041 et
1003 3980 1146 4041 ecclesiis
1179 3979 1221 4041 ad
1255 3999 1290 4040 se
1323 3977 1576 4059 pertinentibuS,
1614 3974 1748 4056 plebem
1780 3973 1822 4034 de

154 4059 292 4123 Novelle
315 4081 388 4123 cum
412 4063 555 4127 ecclesiis
578 4066 620 4127 ad
644 4087 678 4128 se
702 4068 947 4147 pertinentibus,
971 4068 1103 4149 plebem
1127 4069 1167 4130 de
1190 4068 1284 4130 Vicia
1307 4087 1381 4128 cum
1404 4066 1557 4139 ecclesiis,
1581 4070 1697 4137 castro,
1721 4071 1821 4136 curte,

154 4148 241 4212 silvis
264 4159 297 4212 et
320 4152 472 4214 omnibus
495 4155 697 4233 pertinentiis
720 4157 793 4230 suis,
818 4156 950 4237 plebem
975 4157 1016 4218 de
1039 4156 1169 4220 Gorena
1200 4177 1272 4219 cum
1297 4152 1536 4236 xenodochifi)s
1558 4163 1591 4217 et
1613 4151 1714 4214 totius
1744 4150 1821 4213 ville

145 4237 288 4301 'decimis
311 4250 344 4302 et
366 4241 509 4304 ecclesiis
533 4254 565 4305 et
588 4244 791 4323 pertinentiis
814 4246 887 4319 suis,
919 4254 1017 4326 atque
1040 4245 1146 4308 Busco
1177 4247 1231 4327 qui
1261 4246 1378 4308 dicitur
1405 4245 1508 4307 insula
1529 4242 1633 4305 sancti
1656 4240 1821 4311 Iohannis,

154 4326 285 4407 plebem
315 4332 418 4392 sancti
442 4331 525 4393 Petri
558 4333 599 4393 de
622 4333 755 4396 Publice
778 4354 852 4396 cum
885 4344 974 4395 curte
1006 4344 1039 4395 et
1069 4335 1221 4396 omnibus
1253 4335 1397 4397 ecclesiis
1430 4334 1471 4395 ad
1503 4352 1539 4394 se
1571 4328 1820 4413 pertinentibus

154 4415 286 4497 plebem
310 4418 350 4480 de
374 4420 549 4482 Manciano
573 4442 645 4484 cum
669 4424 813 4485 ecclesiis
841 4423 883 4484 ad
914 4443 949 4484 se
978 4423 1223 4503 pertinentibus
1255 4423 1387 4504 plebem
1419 4423 1460 4484 de
1483 4420 1668 4483 Lovaldeso
1689 4415 1720 4498 a)
1744 4436 1819 4479 cum

154 4515 243 4567 curte
266 4516 299 4568 et
321 4508 465 4570 ecclesiis
495 4510 536 4571 ad
568 4531 603 4573 se
634 4512 880 4592 pertinentibus,
909 4512 1042 4592 plebem
1074 4511 1115 4572 de
1138 4512 1301 4592 Bagennis
1333 4531 1406 4573 cum
1436 4521 1552 4579 castro,
1586 4518 1685 4579 curte,
1717 4506 1820 4587 sylva,

153 4593 270 4656 banale
294 4604 326 4657 et
350 4599 473 4659 cunctis
496 4599 640 4662 ecclesiis
664 4602 706 4662 ad
730 4621 765 4663 se
789 4600 1034 4682 pertinentibus
1059 4600 1189 4681 plebem
1213 4601 1315 4662 sancti
1331 4600 1415 4662 Petri
1438 4601 1469 4661 in
1487 4597 1597 4661 Gradu
1621 4614 1696 4657 cum
1719 4605 1819 4669 curte,

154 4694 268 4757 castro,
292 4705 433 4760 carrueo,
467 4689 609 4768 capellis,
640 4690 728 4751 silvis
752 4700 785 4751 et
809 4690 960 4751 omnibus
983 4690 1187 4769 pertinentiis
1210 4690 1283 4762 suis,
1315 4689 1445 4769 plebem
1471 4687 1512 4748 de
1536 4685 1720 4749 Carissione
1745 4703 1820 4745 cum

153 4783 268 4848 castro,
300 4787 388 4837 curte
411 4786 444 4837 et
466 4777 610 4839 ecclesiis
634 4778 676 4839 ad
699 4798 734 4840 se
756 4778 1003 4858 pertinentibus,
1035 4779 1167 4858 plebem
1190 4778 1406 4840 Bredolenem
1425 4776 1452 4856 b)
1483 4795 1556 4839 cum
1580 4784 1679 4848 curte,
1711 4783 1820 4835 castro

153 4871 186 4923 et
202 4863 344 4926 ecclesiis
368 4865 409 4925 ad
433 4886 468 4927 se
491 4867 735 4946 pertinentibus,
760 4867 893 4947 plebem
916 4868 1017 4928 sancti
1034 4867 1118 4928 Petri
1143 4868 1184 4929 de
1200 4867 1283 4930 Vico
1300 4886 1373 4928 cum
1391 4876 1489 4940 curte,
1504 4875 1611 4926 castro
1636 4871 1669 4925 et
1684 4861 1820 4943 capellis

153 4960 185 5013 et
208 4953 391 5014 eremitario
419 4956 520 5017 sancti
544 4955 721 5028 Ambrosii,
747 4956 801 5036 qui
826 4956 943 5017 dicitur
966 4956 1062 5017 Mons
1092 4956 1183 5028 altus,
1207 4976 1280 5018 cum
1304 4956 1464 5028 Ferraria,
1495 4953 1579 5015 valle
1603 4951 1755 5014 Causalia
1787 4960 1821 5013 et

153 5052 275 5117 castro,
308 5043 377 5104 rivo
400 5043 561 5105 Bruzento
595 5065 697 5125 usque
724 5045 766 5105 ad
797 5045 967 5105 cacumina
990 5044 1141 5125 Alpium,
1174 5044 1305 5125 plebem
1338 5044 1379 5104 de
1402 5043 1566 5123 Bagennis
1596 5040 1820 5122 superioribus

153 5150 226 5191 cum
256 5142 354 5206 curte,
384 5144 499 5205 castro,
532 5134 673 5213 capellis,
704 5133 792 5194 silvis
821 5144 853 5195 et
876 5143 982 5194 castro
1007 5133 1131 5196 Forfice
1156 5154 1258 5214 usque
1283 5134 1314 5193 in
1338 5131 1496 5193 Bismalto
1527 5141 1560 5193 et
1584 5148 1657 5192 cum
1681 5127 1821 5192 ecclesia

152 5221 254 5281 sancti
285 5220 443 5301 Stephani
476 5222 566 5283 iuxta
597 5221 722 5284 fontem
753 5220 864 5283 Brobii
894 5242 967 5283 cum
999 5224 1201 5302 pertinentiis
1233 5222 1315 5295 suis,
1347 5221 1480 5301 plebem
1511 5219 1713 5282 Morecinam
1744 5237 1820 5279 cum

152 5309 305 5371 omnibus
328 5311 471 5372 eeclesiis
495 5310 537 5371 ad
560 5331 595 5372 se
618 5311 864 5392 pertinentibus,
889 5311 1022 5391 plebem
1044 5313 1146 5374 sancti
1163 5311 1286 5374 Albani
1304 5329 1377 5373 cum
1401 5321 1516 5384 castro,
1541 5318 1640 5382 curte,
1664 5307 1818 5381 ecclesiis,

152 5397 348 5462 molendinis
371 5410 403 5461 et
425 5399 533 5480 sylvis,
564 5411 710 5462 montem
733 5399 878 5462 Acutum
909 5419 984 5461 cum
1006 5400 1194 5463 Arimannis
1218 5407 1251 5462 et
1273 5400 1477 5482 pertinentiis
1499 5399 1574 5472 suis,
1606 5396 1819 5459 medietatem

152 5488 255 5549 sancti
287 5488 444 5570 Stephani
475 5508 549 5550 cum
580 5491 646 5551 suis
676 5489 891 5570 pertinentiis,
925 5497 1073 5563 castrum,
1105 5489 1193 5571 quod
1216 5500 1352 5551 vocatur
1374 5487 1538 5562 Altavilla,
1567 5505 1641 5548 cum
1672 5493 1763 5549 curte
1786 5495 1820 5549 et

153 5594 336 5603 ——.—-.
372 5597 475 5603 ——.

280 5597 334 5691 ἰ)
353 5597 574 5693 resalutantis
585 5630 620 5680 n.
691 5629 718 5687 bt
736 5628 917 5679 nenorensem
935 5629 971 5681 11.
991 5667 1042 5675 ...
1061 5629 1097 5693 .ι)
1121 5629 1199 5696 Vergt.
1228 5625 1306 5697 Jaffe,
1325 5630 1383 5692 neg.
1402 5630 1478 5688 eran,
1494 5627 1549 5677 unt
1564 5628 1643 5686 σω,
1663 5626 1731 5677 ⁶⁹67
