3982 6194
1761 115 1822 177 181

158 299 350 365 elericorum
374 307 565 376 vestrorum,
588 305 644 383 qui
667 304 709 366 ad
732 323 844 367 sacros
867 305 998 368 ordines
1021 305 1142 367 luerint
1165 303 1388 386 promovendi,
1411 303 1625 365 adiocesano
1640 301 1822 383 suscipietis

156 390 326 471 episcopo,
354 390 515 472 siquidem
548 391 725 455 catholicus
755 392 851 455 luerit
880 402 912 456 et
936 395 1069 475 gratiam
1100 404 1199 472 atque
1229 395 1492 455 communionem
1523 391 1704 473 apostolice
1734 392 1823 454 sedis

155 477 313 553 habuerit,
338 486 372 541 et
388 498 426 544 ea
450 481 548 561 gratis
572 490 605 544 et
627 480 753 563 absque
777 480 936 564 pravitate
960 484 1054 547 vobis
1076 483 1215 545 voluerit
1239 482 1411 558 exhibere;
1435 481 1577 560 alioquin
1600 480 1697 542 liceat
1719 481 1822 554 vobis,

155 587 249 649 quem
277 567 464 643 malueritis,
481 570 569 633 adire
592 572 776 644 antistitem,
800 573 862 651 qui,
879 582 991 635 nostra
1007 572 1105 634 fultus
1120 573 1318 645 auctoritate,
1336 571 1425 650 quod
1442 568 1631 652 postulatur,
1648 569 1823 651 indulgeat.

154 653 310 719 Obeunte
334 677 418 720 nunc
442 659 589 722 eiusdem
613 659 675 722 loci
698 661 819 723 abbate
842 661 894 723 vel
917 671 1045 724 tuorum
1072 661 1219 742 quolibet
1240 680 1472 733 successorum,
1496 658 1601 720 nullus
1618 658 1661 720 ibi
1677 658 1824 738 qualibet

153 746 369 828 surreptionis
395 747 512 810 astutia
541 768 598 811 seu
621 748 776 812 violentia
808 760 1017 832 preponatur,
1049 753 1109 812 nisi
1133 770 1229 831 quem
1255 751 1369 812 iratres
1394 749 1557 810 communi
1588 767 1750 811 consensu
1773 748 1823 809 vel

154 832 287 899 fratrum
313 854 389 916 pars
413 837 539 899 consilii
564 838 696 900 sanioris
719 838 771 900 vel
794 840 836 901 de
860 859 919 902 suo
943 840 994 902 vel
1018 841 1060 902 de
1083 839 1196 911 alieno,
1220 841 1246 901 si
1264 839 1451 920 oportuerit,
1476 835 1615 916 collegio
1642 837 1822 899 secundum

155 923 203 986 dei
227 926 386 988 timorem
411 934 443 987 et
467 926 554 989 beati
570 928 738 990 Benedicti
754 927 899 1008 regulam
917 928 1116 1010 providerint
1133 927 1328 1009 eligendum.
1368 925 1533 1006 Quicquid
1550 927 1647 988 etiam
1664 926 1824 990 libertatis

154 1031 207 1074 seu
223 1014 398 1096 dignitatis
414 1034 433 1076 a
449 1016 738 1096 predecessoribus
755 1020 873 1079 nostris
889 1019 1078 1099 supradicto
1095 1019 1292 1080 monasterio
1308 1037 1368 1098 per
1383 1016 1568 1078 authentica
1584 1015 1823 1097 privilegiorum

156 1103 278 1184 scripta
302 1122 495 1167 concessum
519 1113 576 1178 est,
604 1125 664 1167 nos
687 1124 820 1185 quoque
843 1109 1002 1187 presentis
1025 1106 1183 1188 privilegii
1205 1109 1399 1167 auctoritate
1427 1106 1636 1166 concedimus
1664 1115 1696 1167 et
1720 1113 1824 1166 ratum

158 1189 268 1255 haberi
301 1210 361 1276 per
389 1200 539 1275 tempora
570 1193 676 1256 sutura
708 1215 887 1258 censemus.
943 1196 1157 1260 Decernimus
1190 1214 1284 1276 ergo,
1318 1205 1352 1257 ut
1385 1192 1458 1254 nulli
1489 1195 1623 1255 omnino
1654 1193 1825 1257 hominum

159 1279 261 1357 liceat,
284 1283 372 1347 idem
396 1284 626 1345 monasterium
651 1292 837 1354 temere..
859 1286 1003 1347 .usibus
1019 1285 1212 1346 omnimodis
1233 1283 1410 1365 profutura,
1434 1281 1523 1343 salva
1539 1282 1626 1344 sedis
1642 1281 1824 1366 apostolice

161 1374 364 1437 auctoritate.
409 1366 444 1432 Si
468 1391 534 1452 qua
556 1373 715 1452 igitur..
740 1332 904 1436 Cunctis
927 1382 1067 1436 autem.
1092 1374 1323 1435 ..inveniant
1369 1371 1488 1433 Amen.
1513 1369 1632 1432 Amen.

415 1458 488 1541 Ego
512 1459 676 1523 Adrianus
700 1461 858 1546 catholice
882 1463 1017 1549 ecclesie
1041 1465 1217 1544 episcopus
1239 1481 1281 1524 ss.

371 1544 391 1628 1
416 1547 488 1630 Ego
512 1549 690 1631 Gregorius
714 1547 903 1613 Sabinensis
927 1553 1101 1633 episcopus
1123 1571 1165 1613 ss.

371 1634 391 1717 †
415 1636 488 1718 Ego
512 1637 608 1700 Iulius
631 1640 793 1721 presbiter
816 1641 988 1703 cardinalis
1012 1643 1059 1703 tit.
1083 1640 1184 1702 sancti
1207 1637 1351 1700 Marcelli
1375 1657 1416 1699 ss.
1537 1692 1540 1697 .

371 1723 391 1807 †
415 1725 487 1808 Ego
510 1726 659 1792 Ubaldus
682 1729 844 1810 presbiter
866 1729 1039 1792 cardinalis
1061 1730 1106 1792 tit.
1130 1730 1233 1792 sancti
1258 1727 1434 1791 Clementis
1457 1748 1499 1790 ss

372 1813 392 1896 †
416 1816 488 1897 Ego
511 1817 695 1879 Bernardus
719 1818 879 1898 presbiter
901 1819 1073 1882 cardinalis
1096 1821 1144 1881 tit.
1166 1826 1278 1880 sancte
1302 1817 1444 1881 Crucis
1437 1836 1467 1878 111
1491 1816 1663 1879 Ierusalem
1688 1836 1729 1877 ss.

371 1901 391 1984 †
415 1903 488 1986 Ego
513 1903 710 1969 Octavianus
733 1907 897 1987 presbiter
919 1909 1090 1971 cardinalis
1113 1909 1161 1970 tit.
1186 1915 1296 1989 sancte
1322 1905 1504 1992 Ceciliess.

371 1990 392 2073 †
416 1991 488 2075 Ego
511 1991 670 2057 Astaldus
694 1997 857 2077 presbiter
878 1997 1051 2060 cardinalis
1074 1997 1121 2059 tit.
1145 2004 1255 2079 sancte
1280 1995 1387 2073 Prisce
1411 2014 1452 2056 ss.

371 2079 488 2164 †Ego
512 2081 667 2147 Girardus
699 2085 860 2166 presbiter
886 2086 1056 2148 cardinalis
1087 2088 1136 2147 tit
1159 2087 1262 2148 sancti
1286 2081 1486 2165 Stephani
1477 2104 1510 2145 in
1534 2081 1627 2146 Celio
1651 2089 1762 2144 monte
1785 2102 1826 2144 ss

370 2172 391 2252 †
415 2170 487 2252 Ego
498 2171 659 2236 Iohannes
675 2174 838 2256 presbiter
854 2175 1025 2238 cardinalis
1041 2183 1227 2245 sanctorum
1241 2173 1389 2236 Iohannis
1402 2181 1435 2235 et
1447 2171 1535 2234 Pauli
1548 2174 1595 2234 tit.
1609 2169 1772 2234 Pamachii
1786 2191 1827 2231 ss,

372 2258 393 2342 †
417 2259 489 2342 Ego
513 2262 652 2324 loannes
674 2263 835 2344 presbiter
857 2264 1029 2326 cardinalis
1053 2266 1101 2326 tit.
1124 2261 1334 2343 (sanctorum)
1358 2259 1504 2324 Silvestri
1528 2270 1561 2323 et
1584 2261 1714 2324 Martini
1738 2279 1781 2321 ss.

371 2350 391 2432 †
414 2348 486 2431 Ego
509 2349 724 2414 lldebrandus
748 2353 911 2433 presbiter
933 2352 1102 2415 cardinalis
1125 2351 1257 2414 basilice
1281 2366 1330 2413 xll
1353 2351 1592 2432 Apostolorum
1616 2369 1657 2410 ss.

370 2439 391 2519 †
414 2437 487 2519 Ego
512 2435 613 2502 Oddo
637 2441 791 2503 diaconus
815 2440 986 2504 cardinalis
1009 2442 1110 2504 sancti
1135 2439 1266 2521 Georgii
1289 2440 1330 2503 ad
1354 2438 1473 2502 Velum
1498 2459 1630 2501 aureum
1655 2457 1696 2499 ss,

371 2524 391 2607 †
415 2527 488 2608 Ego
510 2528 712 2611 Raidulphus
735 2529 893 2593 diaconus
916 2531 1089 2594 cardinalis
1112 2539 1222 2613 sancte
1245 2530 1344 2607 Lucie
1367 2530 1400 2590 in
1423 2526 1525 2610 Septa
1548 2526 1625 2591 solis
1648 2547 1689 2589 ss.

370 2617 390 2697 †
412 2615 485 2697 Ego
509 2615 617 2680 Guido
641 2620 798 2681 diaconus
822 2620 994 2682 cardinalis
1016 2628 1128 2703 sancte
1153 2618 1255 2702 Marie
1280 2620 1311 2680 in
1335 2618 1464 2679 Porticu
1488 2638 1529 2679 ss.

370 2702 390 2785 †
414 2704 487 2785 Ego
510 2706 675 2770 Bonadies
697 2709 856 2771 diaconus
880 2708 1051 2771 cardinalis
1074 2708 1176 2770 sancti
1199 2706 1319 2788 Angeli
1342 2727 1382 2768 ss

369 2795 389 2875 †
413 2793 485 2875 Ego
509 2796 598 2857 Boso
622 2797 778 2859 diaconus
801 2798 972 2859 cardinalis
994 2806 1181 2860 sanctorum
1207 2796 1326 2858 Cosme
1350 2804 1382 2857 et
1405 2794 1553 2857 Damiani
1576 2814 1617 2855 00.

316 2881 391 2945 Dat
408 2882 568 2959 Laterani,
592 2905 651 2966 per
675 2906 806 2948 manum
827 2886 978 2960 Rolandi,
1001 2896 1112 2949 sancte
1133 2886 1281 2948 Romane
1305 2884 1440 2966 ecclesie
1464 2883 1634 2965 presbiteri
1659 2878 1827 2943 cardinalis

182 2976 205 3028 et
216 2969 393 3037 cancellarii.
423 2971 632 3036 xKal.Iunii.
663 2973 890 3039 Indictionev.
921 2975 1151 3039 Incarnationis
1166 2974 1330 3037 dominice
1355 2994 1440 3036 anno
1457 2984 1588 3035 MCLVH.
1618 2968 1828 3034 Pontificatus

181 3060 370 3123 verodomni
393 3060 529 3124 Adriani
554 3082 640 3148 pape
665 3077 715 3125 1111
738 3085 825 3128 anno
849 3067 956 3128 tertio.

313 3174 440 3239 Absrlrn'st
456 3176 496 3225 des
517 3176 574 3228 Cod.
598 3178 649 3227 Vnt.
669 3180 746 3237 71149,
766 3196 806 3226 am
825 3179 895 3228 Ende
912 3179 953 3228 des
969 3186 1044 3228 ersten
1062 3179 1169 3237 Drillels,
1188 3178 1215 3225 in
1232 3178 1275 3226 der
1292 3177 1355 3225 Bihl.
1381 3176 1497 3224 Vaticarm
1514 3192 1544 3223 111
1562 3176 1632 3223 Rom.

898 3462 964 3535 Nr.
994 3465 1078 3536 171.

174 3604 310 3670 Hadrian
327 3608 351 3671 I
354 3606 385 3668 V
404 3609 553 3693 bestdtigt
574 3609 647 3674 dem
664 3611 879 3692 Erabisclrose
893 3611 1032 3764 [1711701110
1056 3633 1117 3783 app
1134 3612 1217 3674 Pisa
1232 3613 1319 3674 scine
1335 3610 1573 3693 Ahtropolitan·
1590 3609 1659 3672 und
1670 3611 1831 3692 sanstigren

917 3711 1058 3765 orrecrte
1107 3750 1113 3762 .

781 3837 867 3897 1157
882 3835 958 3897 Mai
971 3836 1023 3896 31.
1056 3834 1206 3896 Lateran.

317 3965 484 4029 Adrianus
507 3969 693 4050 episcopus,
716 3990 827 4033 servus
850 3989 1017 4032 servorum
1042 3968 1104 4041 dei,
1128 3966 1301 4030 venerabili
1316 3967 1402 4030 sratri
1418 3966 1560 4041 Villano,
1584 3965 1830 4048 archiepiscopo

167 4050 284 4128 Pisano,
309 4055 444 4133 eiusque
467 4059 710 4121 successoribus
734 4060 890 4121 canonice
920 4058 1171 4130 substituendis,
1194 4071 1232 4119 IN
1255 4068 1332 4118 PPM
1356 4092 1397 4101 —
1419 4059 1424 4136 1
1443 4056 1537 4118 Tunc
1560 4054 1739 4137 apostolice
1762 4056 1831 4117 sedi

164 4152 191 4203 et
209 4144 374 4206 Romanis
397 4143 606 4225 pontificibus
630 4147 735 4210 honor
757 4148 880 4228 integre
904 4154 1123 4219 conservatur,
1155 4146 1181 4206 si
1205 4147 1378 4226 unicuique
1401 4145 1538 4229 ecclesie
1561 4165 1619 4207 sua
1642 4144 1784 4226 dignitas
1804 4144 1832 4228 1)

164 4233 351 4296 custoditur.
382 4232 531 4296 Romane
554 4237 717 4316 siquidem
740 4236 879 4340 ecclesie
900 4231 905 4318 )
926 4243 1082 4298 consueta
1113 4234 1294 4315 benignitas
1318 4242 1351 4296 et
1382 4237 1523 4297 discreta
1545 4233 1717 4307 humilitas,
1748 4252 1831 4313 quos

163 4321 298 4384 devotos
324 4330 357 4384 et
381 4330 566 4385 mansuetos
590 4324 672 4387 filios
696 4327 851 4407 repperit,
881 4325 963 4387 alios
976 4323 1208 4405 dignitatibus
1242 4332 1274 4385 et
1298 4322 1478 4386 honoribus
1510 4323 1570 4386 sibi
1593 4322 1730 4404 amplius
1754 4322 1833 4385 facit

162 4410 335 4486 obnoxios,
360 4409 440 4474 alios
463 4410 687 4476 familiaritatis
711 4422 744 4477 et
767 4413 952 4477 dilectionis
975 4412 1183 4495 prerogativa
1205 4410 1369 4475 sublimat.
1415 4412 1544 4493 Equum
1569 4413 1655 4474 enirn
1679 4419 1713 4474 et
1735 4413 1832 4475 ratio

163 4500 264 4563 nabile
288 4507 349 4573 est,
373 4508 417 4575 ut,
441 4520 580 4580 quorum
604 4501 761 4565 beneficia
785 4511 817 4565 et
841 4502 997 4581 obsequia
1020 4520 1057 4563 se
1081 4500 1195 4563 recolit
1218 4503 1409 4582 suscepisse,
1441 4521 1553 4563 eorum
1579 4500 1743 4564 devotioni
1767 4521 1832 4563 non

163 4612 310 4657 mensura
342 4590 412 4672 pari
447 4608 506 4652 nec
536 4593 718 4670 quantitate
749 4592 872 4673 equali,
913 4592 971 4654 sed
1009 4611 1052 4653 ex
1081 4589 1299 4652 habundantis
1331 4593 1433 4671 gratie
1460 4589 1686 4653 benevolentia
1716 4589 1832 4652 libenti

162 4684 265 4746 animo
292 4679 426 4742 studeat
452 4681 660 4762 respondere.
706 4681 922 4743 Predecessor
948 4680 1107 4759 siquidem
1144 4686 1264 4752 noster,
1292 4678 1392 4741 felicis
1409 4679 1563 4741 memorie
1579 4700 1665 4762 papa
1684 4678 1831 4762 Ι>)111Νο-

163 4767 351 4856 OENTIUS'),
368 4767 411 4831 de
425 4768 587 4831 discordia
600 4777 633 4832 et
644 4789 768 4850 guerra,
784 4788 848 4849 que
864 4770 946 4832 inter
960 4768 1136 4854 Pisa(na)m
1161 4776 1193 4830 et
1209 4769 1401 4831 lanuensem
1418 4769 1564 4831 civitates
1581 4771 1697 4845 extitit,
1715 4767 1832 4830 multas

163 4860 330 4926 hominum
354 4857 462 4920 clades
487 4867 519 4920 et
542 4858 789 4921 christianorum
813 4859 1018 4941 captivitates
1042 4861 1228 4921 innumeras
1252 4860 1441 4938 provenisse
1468 4857 1687 4931 considerans,
1718 4859 1831 4920 utrius·

164 4969 221 5030 que
244 4951 350 5032 partis
372 4946 474 5020 saluti,
498 4955 565 5009 tam
589 4948 814 5029 temporaliter
837 4967 935 5028 quarn
959 4948 1176 5029 spiritualiter,
1207 4954 1343 5027 paterna
1365 4946 1580 5010 sollicitudine
1611 4949 1733 5010 studuit
1756 4967 1831 5028 pro-

164 5042 271 5104 videre
295 5047 396 5118 atque
419 5057 480 5118 pro
504 5036 592 5099 bono
616 5039 707 5119 pacis
734 5046 767 5099 et
797 5038 1102 5119 recompensatione
1133 5037 1392 5118 episcopatuum,
1425 5055 1509 5115 quos
1540 5039 1650 5117 utique
1672 5057 1692 5099 a
1715 5037 1831 5119 prede·

165 5127 347 5192 sessoribus
370 5127 498 5197 nostris,
522 5126 681 5189 Romanis
704 5125 925 5207 pontificibus
948 5126 1086 5210 ecclesie
1115 5126 1230 5188 Pisane
1255 5144 1430 5188 concessos
1451 5138 1479 5205 1)
1509 5127 1541 5187 in
1564 5125 1667 5188 insula
1690 5126 1831 5201 Corsice,

165 5238 181 5280 a
200 5218 439 5301 predecessore
462 5223 529 5289 tuo,
553 5214 640 5277 bone
664 5215 821 5277 memorie
845 5214 942 5279 fratre
965 5223 1077 5278 nostro
1101 5214 1351 5296 archiepiscopo
1374 5213 1525 5278 Huberto
1544 5212 1573 5298 d)
1589 5213 1623 5300 ³),
1649 5216 1778 5298 accepit
1800 5216 1831 5277 in

320 5376 347 5441 a)
364 5375 416 5424 nita
434 5376 485 5440 aus
498 5378 583 5424 Rener
652 5374 679 5435 1))
699 5388 764 5437 pape
837 5376 861 5433 0)
881 5389 1015 5423 concessas
1087 5375 1114 5434 d)
1134 5374 1151 5421 h
1169 5373 1250 5421 ausR
1268 5372 1390 5438 korrrgirt.
1408 5413 1459 5419 ..-
1478 5376 1515 5439 .1)
1540 5375 1617 5440 Vergl.
1640 5374 1677 5423 die
1698 5374 1759 5425 Urk.
1776 5391 1830 5423 01111

167 5450 193 5498 19
208 5449 264 5498 Mai
275 5451 346 5498 1146
363 5447 420 5496 und
437 5448 465 5496 0.
481 5447 586 5512 Langer,
607 5445 732 5494 Politisclu
753 5445 887 5495 Gesclichte
907 5446 980 5495 Pisas
997 5447 1053 5495 tend
1071 5447 1169 5496 Gemens
1187 5445 1213 5495 S.
1233 5446 1276 5506 77,
1296 5445 1338 5495 78.
1412 5450 1438 5513 2)
1461 5446 1521 5497 Urk.
1540 5463 1595 5496 vom
1612 5450 1646 5498 22
1666 5447 1741 5513 April
1756 5447 1831 5497 1138.

167 5525 190 5588 3)
207 5520 315 5581 Hubert,
336 5518 481 5585 Enbischus
492 5534 541 5569 von
561 5517 630 5577 Pria,
653 5517 834 5568 1132-1137.
