3974 6188
238 263 279 332 50

236 439 364 519 Criptas
386 436 552 512 Anselmi,
586 434 767 499 Canianum
790 455 864 500 cum
894 429 1098 519 pertinentiis
1122 457 1240 509 earum,
1273 430 1392 497 vallem
1416 434 1458 497 de
1481 432 1627 496 Lutrana
1650 452 1725 495 curn
1753 421 1911 494 affinibus

234 528 307 601 suis,
338 526 508 611 ecclesiam
538 535 649 587 sancte
673 527 775 612 Marie
799 528 831 588 iu
855 528 961 600 Pariti,
986 527 1156 589 ecclesiam
1179 527 1283 588 sancti
1307 524 1427 604 Angeli
1453 523 1495 586 de
1518 524 1640 585 Forma
1663 542 1737 584 cum
1761 520 1851 582 silvis
1874 531 1910 582 et

235 616 401 678 territoriis
437 615 517 689 suis,
558 615 728 699 ecclesiam
759 627 871 700 sancte
902 616 1004 701 Marie
1037 616 1077 678 de
1110 617 1245 678 Masena
1275 635 1350 676 eum
1380 613 1584 695 pertinentiis
1615 612 1680 673 suis
1711 620 1744 672 et
1776 609 1911 672 duobus

234 704 437 778 molendinis
469 703 640 765 ecclesiam
671 715 783 766 sancte
807 703 919 767 Crucis
942 716 974 767 et
998 705 1100 767 sancti
1125 704 1284 784 Stephani
1318 714 1350 764 et
1381 703 1484 764 sancti
1509 701 1577 763 Viti
1602 720 1676 761 cum
1699 700 1910 780 pertinentiis

235 813 360 867 earum,
390 791 559 876 ecclesiam
584 802 696 876 sancte
720 794 821 878 Marie
845 794 1009 879 Rotunde,
1042 793 1213 878 ecclesiam
1244 804 1432 853 sanctorum
1456 790 1576 854 Cosme
1600 799 1633 851 et
1654 789 1808 851 Damiani
1834 807 1911 850 cum

235 882 436 963 pertinentiis
465 901 584 956 earum,
617 881 788 943 ecclesiam
819 884 922 945 sancti
947 881 1156 962 Archangeli,
1188 882 1360 944 ecclesiam
1390 881 1493 942 sancti
1518 877 1704 953 Eleutherii,
1736 877 1911 940 ecclesiam

234 971 336 1032 sancti
368 968 521 1032 Iohannis
552 971 583 1031 in
616 971 778 1033 territorio
811 972 1058 1047 Frusinonensi,
1098 991 1162 1056 que
1194 971 1285 1032 iuxta
1317 969 1437 1031 flumen
1473 968 1593 1031 Cosam
1631 969 1693 1029 sita
1726 978 1793 1040 est,
1835 987 1911 1028 cum

236 1059 388 1121 omnibus
411 1058 453 1119 ad
477 1060 583 1139 ipsam
599 1060 837 1139 pertinentibus
853 1070 885 1122 et
909 1080 983 1122 cum
1000 1060 1096 1122 casali
1115 1061 1250 1140 integr0,
1275 1059 1446 1144 ecclesiam
1470 1069 1582 1143 sancte
1603 1057 1705 1142 Marie
1730 1057 1762 1117 in
1780 1056 1912 1117 Murata

236 1167 309 1210 cum
340 1148 543 1228 pertinentiis
565 1148 639 1222 suis,
672 1147 778 1210 lacum
811 1149 852 1210 de
884 1148 1040 1212 Maniano
1072 1170 1145 1211 cum
1176 1149 1381 1230 pertinentiis
1410 1148 1476 1209 suis
1506 1157 1539 1209 et
1570 1166 1642 1208 cum
1674 1147 1703 1207 ei
1737 1144 1912 1207 adiacente

235 1237 422 1311 hereditate,
446 1237 617 1320 ecclesiam
640 1237 743 1298 sancti
768 1238 896 1299 Nicolai
924 1248 957 1300 et
986 1240 1090 1300 sancti
1116 1239 1234 1318 Moyse
1265 1247 1306 1313 et,
1338 1237 1493 1318 quicquid
1525 1236 1557 1296 in
1581 1234 1743 1297 territorio
1766 1234 1912 1296 Turricis

235 1346 294 1406 per
309 1325 471 1387 autentica
487 1334 648 1387 cartarum
668 1327 871 1389 monimenta
894 1327 1001 1389 eidem
1017 1326 1177 1390 Berulane
1201 1327 1337 1388 ecclesie
1360 1327 1524 1406 pertinere
1547 1324 1764 1404 cognoscitur.
1811 1321 1911 1402 Quic-

235 1414 314 1495 quid
337 1415 435 1476 etiam
459 1414 501 1475 de
523 1434 582 1476 suo
607 1415 674 1476 iure
691 1436 710 1476 a
726 1415 798 1477 filiis
813 1416 985 1497 Peregrini,
1010 1416 1124 1479 Girino
1148 1415 1309 1491 videlicet,
1336 1416 1419 1476 Miro
1436 1422 1469 1476 et
1485 1414 1564 1488 Zita,
1582 1414 1765 1495 Peregrina,
1782 1412 1912 1475 Ottone

235 1515 268 1565 et
291 1524 310 1564 a
333 1503 477 1565 Iohanne
508 1502 676 1584 Caphar0,
708 1525 727 1565 a
759 1505 904 1567 Datiano
936 1516 969 1568 et
1001 1526 1103 1567 uxore
1134 1506 1202 1568 eius
1234 1505 1350 1578 Maria,
1384 1525 1403 1565 a
1432 1502 1601 1577 Tebaldo,
1634 1511 1777 1583 cognato
1808 1501 1912 1583 ipsius

235 1593 378 1667 Datiani,
403 1602 437 1654 et
459 1612 478 1653 a
498 1591 688 1667 Benedicto,
713 1592 781 1655 filio
798 1594 944 1669 Baronis,
969 1604 1002 1656 et
1025 1614 1128 1657 uxore
1151 1595 1220 1657 eius
1244 1605 1277 1656 et
1292 1593 1461 1668 Landone,
1486 1592 1552 1653 filio
1577 1591 1726 1672 Ardingi‚
1751 1602 1785 1652 et
1807 1611 1912 1652 uxore

236 1682 303 1743 eius
332 1682 525 1761 acquisitum
556 1691 614 1756 est,
645 1680 774 1744 firmum
804 1694 836 1744 et
867 1683 1055 1746 inviolabile
1078 1684 1174 1746 vobis
1198 1691 1413 1756 conservetur,
1446 1681 1536 1743 salva
1566 1680 1766 1742 omnimodis
1790 1681 1913 1742 iustitia

236 1780 268 1832 et
300 1770 444 1845 servitio,
477 1790 540 1851 que
572 1792 614 1832 ex
638 1771 765 1851 integro
788 1772 938 1858 Romane
962 1773 1101 1835 debetur
1124 1772 1269 1857 ecclesie.
1316 1772 1511 1835 Universam
1543 1781 1692 1850 preterea
1714 1769 1913 1831 Berulanam

235 1859 441 1940 parrochiam
464 1870 533 1921 tam
556 1859 616 1922 tibi
642 1880 741 1940 quam
764 1862 828 1923 tuis
851 1862 1091 1924 successoribus
1116 1862 1293 1941 regendam
1317 1882 1355 1923 ac
1380 1859 1630 1940 disponendam,
1655 1858 1812 1939 largiente
1837 1859 1911 1933 de0,

235 1949 444 2010 concedimus
468 1958 501 2010 et
531 1948 777 2011 confirmamus:
810 1951 915 2030 ipsam
944 1952 1098 2014 videlicet
1120 1950 1315 2013 Berulanam
1346 1950 1512 2011 civitatem
1543 1968 1617 2010 curn
1646 1947 1799 2009 omnibus
1823 1947 1911 2009 adia·

236 2038 384 2099 centibus
414 2037 574 2122 ecclesiis,
607 2039 693 2100 intus
723 2037 774 2100 vel
809 2038 900 2114 soris,
935 2035 1176 2125 Fru[sin]onem
1208 2060 1281 2102 cum
1313 2038 1466 2100 omnibus
1498 2036 1723 2099 adiacentibus
1756 2036 1912 2121 ecclesiis,

235 2126 396 2207 oppidum
425 2126 567 2189 Turricis
598 2147 673 2189 cum
703 2126 847 2213 ecclesiis
877 2130 957 2204 suis,
996 2130 1100 2211 Ripas
1132 2149 1205 2191 cum
1237 2129 1382 2190 ecclesiis
1414 2128 1479 2189 suis
1512 2136 1544 2188 et
1576 2126 1776 2187 monasterio
1806 2126 1911 2187 sancti

236 2214 397 2290 Silvestri,
427 2216 530 2278 Polen
561 2236 635 2277 cum
659 2217 804 2302 ecclesiis
828 2230 939 2303 sancte
964 2220 1082 2305 Marie,
1114 2218 1216 2281 sancti
1241 2219 1326 2280 Petri
1359 2227 1391 2279 et
1415 2227 1528 2302 sancte
1553 2214 1713 2301 Columbe
1744 2224 1777 2276 et
1807 2215 1912 2276 sancti

235 2299 420 2389 [Antonlini
445 2314 478 2366 et
500 2305 654 2367 omnibus
676 2306 756 2379 aliis,
779 2305 992 2369 Harenariam
1020 2328 1094 2370 cum
1117 2307 1262 2370 ecclesiis
1285 2307 1350 2369 suis
1375 2313 1408 2368 et
1440 2304 1639 2367 monasterio
1662 2313 1774 2389 sancte
1798 2304 1912 2388 Marie,

235 2392 384 2456 Castrum
408 2413 483 2456 curn
506 2395 643 2456 ecclesia
666 2395 770 2457 sancti
794 2396 889 2469 Petri,
918 2408 1030 2483 sancte
1055 2396 1158 2483 Olive‚
1183 2396 1286 2459 sancti
1310 2395 1453 2481 Andree‚
1478 2394 1581 2456 sancti
1605 2393 1773 2475 Stephani,
1805 2393 1911 2455 sancti

235 2482 405 2545 Benedicti
436 2493 469 2545 et
501 2484 700 2546 monasterio
731 2485 835 2547 sancti
859 2484 979 2566 Angeli
1015 2486 1055 2548 de
1079 2486 1239 2549 Meruleta
1262 2495 1294 2547 et
1317 2485 1420 2547 sancti
1444 2483 1573 2545 Nicolai
1598 2493 1631 2544 et
1654 2481 1807 2544 omnibus
1830 2481 1912 2557 aliis,

235 2573 386 2634 Montem
410 2572 537 2653 nigrum
570 2593 644 2634 cum
667 2573 812 2657 ecclesiis
835 2568 934 2659 s[uis]‚
967 2575 1191 2637 Fabrateriam
1214 2594 1289 2636 curn
1312 2573 1440 2648 finibus
1472 2572 1677 2652 pertinentiis
1708 2583 1741 2633 et
1764 2570 1912 2633 ecclesiis

235 2661 300 2722 suis
332 2662 418 2724 intus
448 2662 499 2722 vel
532 2661 619 2735 loriS,
653 2661 858 2742 Ceperanum
894 2683 968 2725 curn
998 2664 1136 2750 ecclesia
1166 2673 1278 2748 sancte
1311 2664 1421 2746 hiarie,
1454 2662 1556 2723 sancti
1580 2660 1774 2735 Paterniani,
1805 2660 1912 2722 sancti

235 2749 397 2825 Iohannis,
428 2751 531 2812 sancti
558 2749 702 2836 Andree‚
733 2752 836 2813 sancti
869 2752 991 2833 Magni,
1023 2754 1126 2815 sancti
1157 2751 1295 2825 Nicolai,
1327 2752 1430 2813 sancti
1463 2750 1572 2825 Blasii,
1604 2760 1716 2836 sancte
1747 2749 1850 2835 Marie
1872 2748 1912 2827 a),

236 2840 338 2900 sancti
362 2838 483 2920 Angeli
507 2846 540 2900 et
563 2835 739 2924 omnilbus]
765 2840 845 2914 aliis,
869 2840 1052 2904 Cannetum
1077 2861 1151 2903 cum
1175 2842 1334 2904 canonica
1356 2841 1459 2902 sancti
1483 2839 1568 2901 Petri
1592 2848 1625 2900 et
1647 2838 1784 2901 ecclesia
1806 2838 1912 2900 sancti

235 2926 397 3002 Iohannis,
422 2927 600 2990 Castellum
623 2948 753 3003 novum,
779 2927 1075 3011 Strangulagallum
1098 2950 1172 2992 cum
1196 2930 1340 2992 ecclesiis
1363 2930 1437 3002 suis,
1466 2927 1645 3009 Carpinum
1668 2948 1742 2990 cum
1766 2926 1912 2989 ecclesiis

235 3017 309 3091 suis,
341 3028 488 3078 montem
511 3017 614 3079 sancti
639 3017 794 3079 Iohannis
817 3039 891 3080 cum
922 3019 1067 3081 eiusdem
1098 3019 1240 3081 nominis
1271 3018 1479 3091 monasterio,
1512 3017 1684 3102 ecclesiam
1714 3027 1827 3102 sancte
1850 3016 1911 3077 Pu-

237 3105 407 3191 dentiane,
447 3106 618 3168 ecclesiam
651 3107 754 3168 sancti
786 3108 870 3170 Petri
905 3108 946 3169 de
976 3108 1151 3183 Harenula,
1183 3109 1354 3170 ecclesiam
1384 3108 1487 3169 sancti
1519 3105 1648 3168 Nicolai
1679 3106 1721 3166 de
1751 3102 1911 3181 Civitella,

236 3193 407 3256 ecclesiam
430 3206 542 3280 sancte
566 3195 684 3281 Marie,
718 3197 821 3257 sancti
845 3196 983 3277 Angeli,
1015 3198 1118 3259 sancti
1143 3198 1242 3272 Pauli,
1278 3208 1311 3258 et
1339 3196 1491 3258 omnibus
1524 3194 1608 3270 aliis,
1642 3193 1811 3256 Babucum
1835 3213 1912 3256 cum

237 3282 373 3345 ecclesia
396 3284 500 3345 sancti
523 3281 654 3364 Angeli,
686 3295 798 3372 sancte
822 3286 934 3372 Marie,
965 3288 1068 3348 sancti
1092 3287 1186 3360 Petri,
1211 3287 1315 3348 sancti
1339 3286 1445 3348 Leutii
1475 3293 1508 3347 et
1537 3283 1690 3346 omnibus
1713 3284 1792 3345 aliis.
1838 3283 1912 3368 Hec

236 3372 347 3452 itaque
371 3374 483 3434 omnia
505 3382 560 3459 tue
584 3384 779 3454 tuorumque
802 3395 1025 3437 successorum
1050 3376 1256 3456 dispositioni
1289 3386 1450 3455 perpetuo
1481 3374 1616 3436 subesse
1648 3392 1827 3435 censemus.
1873 3372 1911 3434 In

236 3463 434 3523 monasterio
462 3472 650 3524 sanctorum
672 3461 828 3524 Iohannis
860 3473 893 3525 et
914 3464 1014 3538 Pauli,
1047 3465 1202 3545 quicquid
1233 3464 1275 3527 ad
1306 3464 1476 3544 antiquum
1499 3462 1651 3524 Berulani
1683 3462 1831 3543 episcopi
1861 3461 1912 3523 ius

236 3550 425 3631 episcopale
448 3551 605 3612 canonice
629 3552 779 3631 pertinet,
811 3553 972 3634 integrum
995 3553 1091 3615 vobis
1115 3564 1276 3634 perpetuo
1300 3553 1419 3615 servari
1442 3552 1612 3625 sancimus,
1645 3550 1735 3613 salva
1757 3550 1913 3612 nimirum

236 3651 346 3700 nostre
376 3649 487 3724 sancte
515 3640 666 3727 Romane
695 3641 831 3726 ecclesie
862 3643 1049 3704 reverentia.
1100 3641 1158 3705 Ad
1190 3642 1251 3727 hec
1282 3662 1341 3723 per
1373 3642 1533 3722 presentis
1563 3639 1722 3721 privilegii
1754 3640 1912 3720 paginam

237 3728 419 3808 apostolica
443 3729 636 3791 auctoritate
659 3729 871 3805 decernimus,
903 3741 938 3793 ut
972 3730 1048 3793 nulli
1080 3732 1216 3793 omnino
1245 3731 1413 3793 hominum
1439 3731 1544 3805 liceat,
1577 3729 1716 3791 eandem
1739 3728 1913 3812 ecclesiam

238 3828 359 3878 temere
397 3817 587 3897 perturbare
627 3827 683 3880 aut
720 3819 788 3880 eius
825 3820 1049 3900 possessiones
1082 3819 1207 3882 auferre
1244 3821 1296 3882 vel
1328 3820 1454 3882 ablatas
1489 3818 1644 3892 retinere,
1683 3818 1828 3879 minuere
1859 3817 1912 3879 vel

237 3907 415 3967 temerariis
446 3907 677 3969 vexationibus
708 3906 859 3989 fatigare,
891 3909 949 3971 sed
981 3909 1093 3971 omnia
1123 3910 1249 3990 integra
1279 3919 1526 3983 conserventur,
1560 3918 1628 3970 tam
1650 3907 1780 3982 vestriS,
1812 3926 1913 3986 quam

237 3995 428 4056 clericorum
451 4006 484 4057 et
507 4015 687 4077 pauperum
713 3997 823 4059 usibus
847 3999 1046 4060 omnimodis
1069 3998 1248 4079 profutura,
1272 3998 1362 4060 salva
1385 3999 1418 4059 iu
1442 3996 1595 4059 omnibus
1620 3995 1802 4077 apostolice
1825 3996 1913 4057 sedis

238 4085 439 4146 auctoritate.
491 4083 526 4147 Si
562 4105 627 4165 qua
658 4086 754 4165 igitur
785 4087 817 4148 in
842 4086 984 4149 futurum
1012 4088 1232 4172 ecclesiastica
1263 4087 1457 4171 secularisve
1492 4105 1651 4167 persona,
1684 4084 1770 4145 hanc
1801 4095 1913 4146 nostre

237 4173 476 4235 constitutionis
500 4174 656 4255 paginam
679 4175 794 4251 scienS,
826 4186 940 4238 contra
964 4196 1038 4239 eam
1061 4186 1184 4238 temere
1207 4177 1317 4238 venire
1347 4176 1566 4256 temptaverit,
1598 4174 1743 4237 secundo
1773 4174 1913 4235 tertiove

236 4263 447 4336 commonita,
471 4263 496 4324 si
521 4282 587 4324 non
611 4262 834 4327 satisfactione
857 4285 1001 4346 congrua
1017 4266 1247 4340 emendaverit,
1271 4266 1444 4346 potestatis
1468 4264 1667 4344 honorisque
1687 4263 1734 4324 sui
1752 4262 1912 4343 dignitate

238 4360 346 4412 careat
380 4371 534 4432 reamque
566 4373 601 4414 se
635 4352 745 4414 divino
777 4353 897 4416 iudicio
930 4355 1069 4417 existere
1101 4354 1142 4416 de
1176 4362 1366 4435 perpetrata
1395 4355 1566 4434 iniquitate
1599 4361 1793 4432 cognoscat,
1828 4362 1862 4414 et
1894 4372 1913 4413 a

236 4440 455 4502 sacratissImo
479 4461 617 4521 corpore
640 4461 679 4504 ac
702 4444 860 4523 sanguine
885 4443 936 4505 dei
960 4454 993 4506 et
1017 4445 1150 4518 domini,
1185 4444 1402 4524 redemptoris
1426 4443 1527 4505 nostri
1551 4443 1622 4504 Iesu
1647 4440 1774 4516 Christi,
1807 4441 1913 4504 aliena

237 4527 302 4602 fiat,
328 4540 426 4609 atque
450 4530 482 4591 in
506 4541 654 4592 extremo
679 4532 830 4594 examine
847 4532 992 4595 districte
1008 4533 1122 4594 ultioni
1139 4532 1317 4594 subiaceat.
1358 4531 1491 4594 Cunctis
1508 4542 1625 4606 autem,
1650 4530 1758 4592 eidem
1775 4530 1912 4592 ecclesie

238 4618 321 4679 iusta
351 4619 563 4694 servantibus,
595 4621 637 4681 sit
669 4640 737 4701 pax
767 4621 892 4683 domini
925 4623 1027 4684 nostri
1059 4621 1130 4684 Iesu
1162 4620 1290 4696 Christi,
1324 4623 1475 4701 quatinus
1506 4631 1539 4683 et
1569 4621 1621 4682 hic
1654 4619 1792 4682 fructum
1824 4619 1913 4682 bone

236 4708 373 4768 actionis
397 4708 582 4789 percipiant
605 4716 637 4770 et
661 4709 750 4791 apud
774 4709 957 4773 districtum
989 4711 1128 4773 iudicem
1159 4706 1297 4795 prelmia
1320 4721 1430 4797 eterne
1454 4710 1544 4792 pacis
1571 4709 1745 4771 inveniant.
1793 4708 1912 4770 Amen.

238 4792 327 4857 Am.
351 4796 469 4858 Amen.
486 4832 530 4842 —

452 4887 507 4960 (R)
530 4887 604 4967 Ego
628 4885 809 4948 Celestinus
833 4886 993 4974 catholice
1017 4889 1153 4975 ecclesie
1177 4889 1352 4969 episcopus
1375 4909 1415 4950 ss.
1440 4887 1502 4966 (M)

451 4972 471 5055 †
495 4976 568 5056 Ego
593 4975 764 5038 Conradus
787 4975 979 5039 Sabinensis
1002 4979 1179 5058 episcopus
1202 4999 1243 5040 ss
1267 4975 1314 5059 (2)

451 5062 471 5145 †
493 5065 567 5146 Ego
591 5064 704 5126 Petrus
727 5064 928 5127 Albanensis
949 5063 981 5145 b)
1004 5067 1180 5147 episcopus
1203 5088 1244 5128 ss,
1269 5069 1315 5145 (2)

451 5189 494 5199 -
518 5156 538 5232 †
561 5155 635 5235 Ego
659 5153 805 5216 Thomas
829 5154 992 5235 presbiter
1014 5156 1187 5218 cardinalis
1211 5157 1258 5217 tit.
1283 5156 1418 5218 Vestine
1441 5176 1482 5216 ss

449 5244 470 5320 †
492 5245 565 5324 Ego
590 5243 699 5306 Guido
724 5242 885 5323 presbiter
908 5244 1079 5306 cardinalis
1102 5246 1150 5306 tit.
1175 5253 1362 5307 sanctorum
1386 5243 1551 5305 Laurentii
1576 5252 1609 5306 et
1632 5241 1767 5305 Damasi
1793 5263 1834 5305 ss.

452 5329 472 5412 †
495 5333 567 5413 Ego
591 5333 705 5394 Petrus
728 5332 901 5394 cardinalis
925 5333 1087 5413 presbiter
1108 5335 1157 5396 tit.
1181 5345 1293 5420 sancte
1316 5333 1464 5416 Susanue
1488 5354 1529 5394 ss⁶

451 5417 471 5503 'e
495 5420 567 5502 Ego
592 5420 782 5483 Mansredus
805 5420 968 5501 presbiter
990 5423 1161 5485 cardinalis
1185 5423 1233 5485 tit.
1256 5433 1368 5508 sancte
1392 5421 1511 5507 Savine
1534 5442 1575 5484 ss.
1600 5420 1649 5503 (1)

398 5640 424 5707 a)
442 5640 539 5704 Murine
649 5641 675 5706 b)
694 5642 740 5689 das
757 5657 771 5689 e
791 5641 850 5688 iiber
867 5644 940 5691 tinem
959 5641 1145 5707 agcsclrrr‘eben.
