3982 6194
153 257 215 304 110

148 446 186 496 IN
202 445 278 494 PPM.
302 465 345 475 —
365 423 371 515 1
391 427 609 506 Desiderium,
643 427 733 510 quod
757 429 800 492 ad
824 429 989 512 religionis
1012 429 1220 511 propositum
1244 439 1277 492 et
1301 429 1481 492 animarum
1504 427 1644 491 salutem
1668 426 1827 509 pertinere

149 529 360 596 monstratur,
393 519 456 581 deo
487 530 621 582 auctore
651 520 721 581 sine
752 519 861 601 aliqua
893 529 942 582 est
975 519 1133 581 dilatione
1163 518 1406 601 complendum.
1434 515 1438 603 )
1488 518 1686 601 Eapropter,
1720 517 1826 581 dilecti

148 613 181 674 in
205 610 341 673 domino
365 608 431 685 filii,
454 609 569 670 vestris
594 609 684 671 iustis
708 608 986 690 postulationibus
1010 608 1188 672 clementer
1203 609 1384 683 annuimus,
1409 619 1442 672 et
1458 607 1702 690 predecessoris
1718 607 1826 681 nostri,

29 700 39 719 ⁸
148 701 250 764 felicis
274 699 431 784 memorie
454 698 595 762 URBAN1
618 718 706 780 pape
730 712 755 761 11
778 699 923 779 vestigiis
946 698 1132 761 inherentes
1151 699 1184 776 ¹),
1215 697 1414 780 hospitalem
1438 697 1574 759 domum
1598 697 1640 759 de
1663 697 1828 764 Umbron-

148 790 231 854 cello
249 789 287 865 Β),
321 808 421 869 quam
452 787 640 850 decessores
671 788 769 850 vestri
799 789 914 850 studiis
944 798 977 850 et
1009 788 1166 870 impensis
1197 789 1263 850 suis
1295 788 1515 850 construxisse
1545 798 1737 863 noscuntur,
1770 787 1826 850 sub

148 880 236 943 beati
260 880 345 942 Petri
376 887 410 941 et
441 888 553 941 nostra
584 877 791 959 protectione
821 878 1015 958 suscipimus
1048 888 1081 940 et
1105 879 1264 960 presentis
1295 878 1407 958 scripti
1435 878 1556 958 pagina
1580 877 1827 940 communimus.

148 969 344 1042 Statuentes,
368 977 403 1029 ut
420 986 643 1048 quascumque
659 967 892 1048 possessiones,
915 986 1122 1048 quecumque
1139 968 1228 1030 bona
1244 967 1393 1048 predicta
1409 966 1526 1029 domus
1543 966 1575 1027 in
1592 966 1828 1048 presentiarum

148 1060 230 1121 iuste
254 1069 287 1120 et
311 1057 469 1120 canonice
493 1057 649 1138 possidet,
675 1065 730 1118 aut
754 1056 786 1117 in
810 1056 952 1118 futurum
977 1057 1189 1119 concessione
1212 1056 1415 1137 pontificum,
1444 1055 1617 1137 largitione
1640 1075 1757 1137 regum
1779 1055 1829 1118 vel

147 1149 342 1230 principum,
367 1146 537 1210 oblatione
560 1145 706 1207 fidelium
728 1164 785 1206 seu
810 1144 880 1207 aliis
904 1146 995 1209 iustis
1019 1147 1126 1208 modis
1151 1146 1214 1208 deo
1238 1146 1384 1227 propitio
1408 1146 1531 1226 poterit
1553 1145 1706 1227 adipisci,
1738 1145 1829 1207 firma

148 1238 176 1300 ei
210 1245 243 1300 et
274 1237 399 1299 illibata
430 1244 653 1316 permaneant.
708 1234 744 1295 ln
776 1235 895 1315 quibus
926 1234 988 1298 hec
1018 1235 1159 1317 propriis
1193 1234 1346 1297 duximus
1377 1233 1594 1316 exprimenda
1623 1234 1827 1298 nominibus:

148 1327 364 1401 decimarum,
397 1345 460 1406 que
490 1324 586 1387 vobis
610 1343 629 1384 a
653 1323 779 1404 populo
813 1323 939 1400 dantur,
972 1345 1048 1406 pars
1081 1325 1209 1387 decima
1241 1335 1274 1387 et
1305 1325 1455 1387 laborum
1482 1335 1665 1387 vestrorum
1693 1324 1828 1411 decimp,

148 1414 428 1497 quemadmodum
460 1414 502 1476 ab
534 1413 659 1476 eisdem
689 1413 978 1494 predecessoribus
1008 1415 1123 1476 vestris
1154 1415 1350 1477 unanimiter
1379 1422 1537 1476 statutum
1568 1424 1627 1477 est.
1679 1413 1830 1476 Preterea

147 1506 294 1569 eiusdem
317 1504 440 1567 tenoris
463 1503 669 1585 privilegium
693 1503 808 1565 ceteris
833 1523 965 1584 quoque
996 1525 1055 1585 per
1084 1515 1226 1567 vestrum
1251 1505 1481 1585 episcopatum
1512 1503 1582 1566 sitis
1609 1503 1830 1585 hospitalibus

148 1595 361 1676 indulgemus,
392 1594 421 1656 ei
452 1593 613 1668 videlicet,
647 1591 738 1672 quod
769 1592 859 1654 iuxta
886 1592 997 1654 villam
1021 1590 1217 1673 Quarratam
1240 1592 1429 1655 edificatum
1456 1602 1516 1669 est,
1545 1593 1584 1668 ei,
1617 1593 1709 1674 quod
1741 1593 1830 1655 iuxta

148 1684 337 1766 Caprariam
360 1683 531 1764 oppidum,
556 1682 595 1755 ei,
619 1680 710 1763 quod
729 1681 761 1743 in
777 1692 883 1762 prato,
908 1682 998 1762 quod
1022 1683 1140 1744 dicitur
1161 1682 1329 1764 Episcopi,
1354 1693 1387 1745 et
1410 1683 1500 1762 quod
1516 1682 1607 1744 iuxta
1630 1683 1751 1758 locum,
1775 1683 1829 1763 qui

148 1774 265 1836 dicitur
289 1771 376 1835 Crux
398 1771 626 1845 Brandeliana,
651 1770 680 1832 ei
705 1790 847 1850 quoque,
873 1771 964 1851 quod
988 1772 1020 1833 in
1044 1772 1191 1834 Brisceto
1216 1772 1486 1853 predecessorum
1508 1781 1691 1834 vestrorum
1715 1772 1830 1833 studiis

146 1863 369 1944 impensisque
392 1859 580 1924 edificatum
604 1869 662 1922 est.
709 1858 810 1939 Quod
834 1861 987 1922 nimirum
1010 1860 1160 1942 predicto
1184 1872 1293 1924 vestro
1313 1863 1341 1939 a)
1365 1860 1577 1923 xenodochio
1603 1860 1644 1922 de
1663 1861 1829 1925 Umbron-

147 1953 239 2028 cello,
265 1949 546 2032 quemadmodum
570 1971 589 2012 a
606 1958 789 2012 memorato
806 1950 1039 2029 predecessore
1055 1960 1168 2012 nostro
1185 1961 1342 2014 statutum
1359 1959 1415 2025 est,
1440 1951 1608 2032 perpetuis
1624 1950 1830 2031 temporibus

146 2042 330 2105 subiectum
362 2061 432 2103 esse
464 2040 676 2102 decernimus,
723 2037 811 2118 Quia
839 2059 918 2101 vero
952 2049 1045 2102 extra
1076 2042 1172 2103 urbes
1203 2040 1246 2103 he
1277 2039 1458 2123 hospitales
1489 2042 1608 2102 domus
1637 2040 1829 2114 consistunt,

146 2131 240 2194 huius
264 2130 424 2212 privilegii
450 2130 582 2192 decreto
606 2128 787 2202 statuimus
813 2138 848 2190 ut
871 2129 956 2192 intra
972 2150 1072 2192 unum
1088 2131 1231 2192 stadium
1248 2150 1346 2193 nemo
1363 2131 1455 2193 iuxta
1471 2151 1527 2192 eas
1543 2129 1686 2211 aliquem
1703 2149 1830 2210 capere,

146 2221 275 2303 predari
300 2230 356 2283 aut
379 2220 541 2283 hostiliter
565 2218 747 2281 disturbare
771 2229 947 2298 presumat.
994 2219 1141 2300 Quarum
1160 2219 1190 2299 b)
1221 2221 1369 2282 omnium
1401 2220 1625 2282 ordinationes
1657 2238 1696 2281 ac
1721 2218 1831 2300 dispo-

145 2311 281 2374 sitiones
304 2310 399 2372 vobis
420 2309 602 2390 vestrisque
625 2307 869 2370 successoribus
898 2308 1051 2371 duximus
1083 2310 1346 2385 committendas,
1377 2319 1412 2371 ut
1435 2329 1558 2383 eorum,
1591 2309 1645 2390 qui
1677 2309 1711 2370 in
1735 2309 1832 2371 vobis

147 2400 363 2481 religiosiores
380 2398 507 2473 suerint,
524 2398 693 2461 voluntate
705 2398 882 2473 communi,
900 2399 1143 2463 communicato
1160 2401 1261 2462 etiam
1274 2400 1408 2462 fratrum
1418 2395 1737 2460 Vallisumbrosiane
1754 2417 1832 2461 con·

146 2490 227 2565 silio,
252 2509 413 2552 consensu
438 2508 570 2569 quoque
585 2487 683 2549 vestri
700 2486 858 2567 episcopi,
883 2489 909 2550 si
935 2488 1115 2551 catholicus
1136 2488 1232 2551 fuerit
1247 2499 1281 2551 et
1297 2489 1475 2571 religiosus,
1501 2487 1661 2563 adhibit0,
1686 2497 1833 2550 rectores

146 2579 271 2642 eisdem
296 2578 449 2641 domibus
466 2587 699 2658 preponantur,
724 2576 779 2656 qui
796 2578 976 2640 secundum
994 2577 1092 2640 deum
1108 2599 1220 2640 earum
1236 2599 1347 2641 curam
1363 2577 1486 2640 habere
1502 2587 1535 2640 et
1550 2577 1762 2658 pauperibus,
1788 2597 1828 2639 eo

146 2668 426 2742 convenientibus,
451 2667 590 2729 sollicite
606 2665 789 2728 ministrare
805 2677 991 2746 procurent.
1024 2668 1239 2731 Decernimus
1256 2688 1343 2748 erg0,
1369 2688 1409 2730 ne
1430 2667 1485 2729 ulli
1502 2667 1639 2729 omnino
1655 2666 1828 2728 hominum

146 2759 251 2834 liceat,
269 2757 402 2820 easdem
423 2756 450 2834 c)
465 2756 584 2818 domos
601 2753 632 2835 d)
643 2763 766 2817 temere
776 2756 967 2835 perturbare
980 2766 1035 2818 aut
1048 2757 1080 2818 in
1094 2757 1218 2820 eisdem
1238 2758 1269 2833 e)
1285 2757 1426 2836 aliquem
1443 2776 1562 2839 capere
1574 2763 1631 2818 aut
1640 2757 1688 2818 eis
1707 2754 1738 2835 s)
1752 2755 1829 2818 sub·

147 2848 232 2910 ditas
248 2847 475 2929 possessiones
491 2844 624 2921 auferre,
649 2845 795 2907 minuere
811 2846 862 2907 vel
879 2846 1058 2908 temerariis
1073 2847 1305 2910 vexationibus
1322 2847 1467 2927 fatigare,
1491 2855 1542 2909 set
1565 2846 1677 2908 omnia
1701 2846 1830 2927 integra

146 2946 379 3000 conserventur
409 2955 530 3010 eorum,
563 2955 624 3016 pro
655 2954 795 3014 quorum
825 2936 1063 2998 sustentatione
1092 2956 1249 3000 concessa
1271 2947 1355 3012 sunt,
1380 2936 1492 2999 usibus
1516 2954 1697 3016 eorumque
1720 2935 1828 3011 saluti,

147 3027 202 3106 qui
225 3026 410 3101 obtulerint,
435 3025 612 3108 profutura.
658 3023 746 3087 Sane
770 3025 796 3086 si
814 3025 886 3106 quis
902 3025 935 3086 in
952 3025 1128 3087 crastinum
1144 3027 1420 3108 archiepiscopus,
1445 3026 1630 3107 episcopus,
1648 3025 1829 3106 imperator

146 3127 202 3179 aut
225 3137 290 3191 rex,
316 3116 469 3197 princeps
493 3123 549 3176 aut
573 3113 649 3187 dux,
673 3133 786 3175 comes
809 3123 864 3176 aut
887 3114 1072 3177 vicecomes
1096 3127 1151 3178 aut
1176 3116 1275 3179 iudex
1299 3127 1355 3179 aut
1370 3135 1512 3197 persona
1536 3113 1683 3196 quelibet
1706 3134 1830 3195 magna

145 3205 197 3268 vel
227 3226 337 3287 parva,
370 3216 490 3286 potens
521 3214 576 3266 aut
607 3205 782 3285 impotens,
816 3203 910 3266 huius
933 3205 1035 3267 nostri
1056 3203 1086 3287 e)
1110 3207 1270 3287 privilegii
1295 3207 1451 3288 paginam
1474 3205 1589 3279 sciens,
1613 3213 1730 3267 contra
1754 3224 1829 3266 eam

146 3305 269 3358 temere
291 3295 401 3358 venire
429 3295 647 3375 temptaverit,
678 3292 824 3356 secundo
847 3293 985 3356 tertiove
1009 3297 1238 3372 commonitus,
1270 3296 1296 3358 si
1329 3315 1396 3357 non
1426 3294 1650 3357 satisfactione
1681 3313 1829 3375 congrua

145 3385 386 3460 emendaverit,
418 3405 437 3447 a
467 3382 586 3447 Christi
616 3393 649 3446 et
676 3381 812 3467 ecclesie
836 3403 975 3464 corpore
997 3403 1071 3446 eam
1094 3386 1288 3448 auctoritate
1312 3385 1485 3467 potestatis
1516 3382 1699 3469 apostolice
1720 3403 1829 3466 segre·

145 3495 270 3556 gamus.
316 3474 360 3537 Hi
384 3484 504 3549 autem,
533 3473 588 3554 qui
613 3472 658 3534 ob
683 3473 734 3535 dei
759 3473 971 3555 proximique
994 3474 1204 3537 dilectionem
1229 3485 1262 3537 et
1289 3475 1377 3537 sedis
1401 3473 1583 3559 apostolice
1611 3474 1830 3536 reverentiam

146 3565 310 3645 predictas
342 3564 460 3627 domos
490 3564 556 3626 suis
587 3562 684 3625 bonis
715 3560 820 3625 ditare
850 3573 885 3626 et
915 3563 1060 3626 exaltare
1092 3565 1281 3639 curaverint,
1315 3564 1366 3626 dei
1399 3562 1693 3645 apostolorumque
1724 3560 1826 3643 eius!

146 3654 377 3718 benedictione
401 3664 434 3716 et
455 3661 669 3735 peccatorum
692 3650 901 3715 absolutione
925 3652 1095 3729 donentur,
1120 3674 1185 3735 qua
1201 3654 1302 3716 adiuti
1323 3654 1366 3716 ad
1381 3654 1484 3716 vitam
1499 3653 1694 3735 perveniant
1709 3653 1829 3737 sempi-

146 3752 282 3807 ternum.
328 3743 449 3806 Amen.
474 3777 518 3788 -
541 3743 631 3805 A-m.
654 3777 699 3788 —-
721 3741 842 3804 Amen.
863 3776 907 3788 —

359 3830 418 3914 (R)
441 3832 705 3914 Ego‘Eugenius
729 3829 891 3918 catholice
914 3833 1050 3918 ecclesie
1074 3832 1251 3915 episcopus
1273 3853 1314 3896 ss.
1338 3828 1404 3916 (M)

358 3918 379 4002 †
403 3920 477 4003 Ego
500 3923 625 3985 Imarus
647 3920 850 3984 Tusculanus
874 3922 1050 4004 episcopus
1072 3943 1113 3985 ss.

358 4013 380 4090 †
402 4012 476 4094 Ego
501 4012 658 4076 Nicolaus
681 4010 833 4074 Albanus
857 4012 1034 4096 episcopus
1056 4032 1097 4075 ss.
1121 4008 1170 4096 (6)

360 4135 396 4147 -
425 4098 446 4183 †
469 4103 542 4183 Ego
567 4100 636 4166 GG.
661 4100 862 4182 (Gregorius)
886 4102 1048 4182 presbiter
1070 4101 1243 4165 cardinalis
1265 4100 1313 4164 tit.
1338 4099 1457 4164 Calixti
1481 4120 1522 4162 ss.

358 4191 378 4272 †
401 4192 475 4273 Ego
499 4190 673 4255 Hubaldus
697 4191 860 4273 presbiter
881 4191 1055 4254 cardinalis
1078 4192 1126 4255 tit.
1151 4186 1285 4277 [sancte]
1309 4189 1466 4254 Praxedis
1489 4210 1530 4252 ss.

357 4281 378 4357 †
400 4281 475 4363 Ego
500 4279 689 4344 Manlredus
712 4279 874 4363 presbiter
896 4281 1068 4344 cardinalis
1092 4282 1140 4345 tit.
1164 4290 1275 4343 sancte
1298 4277 1419 4343 Savine
1442 4299 1483 4341 ss.

358 4366 379 4451 †
402 4370 476 4452 Ego
500 4370 681 4434 ARibertus
704 4370 866 4451 presbiter
889 4369 1063 4433 cardinalis
1085 4372 1134 4433 tit.
1158 4381 1271 4433 sancte
1292 4369 1469 4432 Anastasie
1492 4389 1533 4431 ss.

357 4461 379 4538 †
401 4460 474 4542 Ego
498 4459 596 4522 Iulius
620 4459 782 4541 presbiter
805 4458 977 4522 cardinalis
1001 4460 1049 4523 tit.
1073 4461 1177 4524 sancti
1202 4460 1347 4522 Marcelli
1371 4480 1412 4522 ss.

358 4546 379 4631 †
402 4550 475 4631 Ego
498 4549 671 4613 Hubaldus
694 4547 856 4630 presbiter
877 4548 1050 4611 cardinalis
1073 4550 1121 4613 tit.
1144 4560 1256 4613 sancte
1280 4549 1392 4613 Crucis
1416 4549 1448 4612 in
1470 4546 1646 4611 Ierusalem
1668 4568 1711 4610 ss.

357 4636 378 4719 †
401 4641 475 4721 Ego
499 4639 608 4703 Guido
633 4637 795 4720 presbiter
817 4638 990 4701 cardinalis
1012 4640 1061 4702 tit.
1086 4640 1226 4702 Pastoris
1250 4661 1291 4702 ss.

358 4725 379 4807 †
402 4726 475 4809 Ego
499 4728 663 4792 Gerardus
692 4726 854 4808 presbiter
884 4728 1057 4792 cardinalis
1081 4729 1129 4793 tit.
1160 4730 1264 4793 sancti
1287 4729 1448 4812 Stephani
1473 4728 1506 4790 in
1530 4726 1622 4791 Celio
1646 4735 1762 4789 monte
1784 4747 1825 4788 ss.

357 4815 430 4898 —†
454 4818 526 4900 Ego
552 4819 652 4882 Oddo
677 4818 834 4880 diaconus
857 4818 1031 4882 cardinalis
1054 4820 1158 4883 sancti
1182 4819 1314 4901 Georgii
1339 4821 1381 4882 ad
1404 4818 1525 4882 Velum
1548 4836 1681 4880 aureum
1706 4836 1747 4879 ss.
1772 4818 1825 4894 (1)

356 4908 377 4985 †
400 4908 473 4989 Ego
497 4907 659 4971 lohannes
683 4907 839 4970 diaconus
862 4908 1035 4972 cardinalis
1058 4920 1170 4973 sancte
1194 4910 1297 4973 Marie
1320 4930 1405 4972 nove
1428 4930 1469 4972 ss.

357 4996 377 5077 †
400 4997 473 5078 Ego
497 4996 606 5060 Guido
632 4998 789 5060 diaconus
813 4999 985 5062 cardinalis
1008 5010 1122 5062 sancte
1145 5000 1248 5062 Marie
1272 5001 1305 5062 in
1328 5000 1457 5062 Porticu
1482 5019 1522 5061 ss.
1546 4993 1593 5082 (1)

357 5085 378 5165 'r
401 5087 474 5168 Ego
498 5086 661 5151 lohannes
685 5088 843 5151 diaconus
866 5089 1039 5152 cardinalis
1061 5099 1250 5152 sanctorum
1273 5088 1376 5170 Sergii
1401 5098 1434 5152 et
1456 5087 1557 5151 Bachi
1581 5106 1622 5149 ss.
1648 5081 1698 5169 (2)

304 5299 329 5365 a)
348 5298 471 5349 Dahinter
487 5301 572 5349 Rasur
661 5301 687 5367 b)
704 5299 738 5349 im
756 5309 831 5351 ersten
849 5318 864 5351 u
882 5300 998 5367 kormgr'rt
1086 5305 1111 5365 c)
1131 5317 1158 5351 as
1176 5302 1228 5367 aus
1240 5304 1326 5350 Rancr
1342 5317 1390 5350 von
1408 5301 1511 5350 anderer
1528 5299 1603 5349 Diale
1687 5303 1715 5364 d)
1735 5317 1765 5351 os
1782 5301 1826 5352 wie

143 5373 188 5421 das
205 5371 286 5437 vonge
358 5373 382 5427 ε)
402 5372 439 5421 eis
458 5371 514 5420 und
533 5372 605 5422 Theil
619 5374 659 5423 des
677 5372 694 5422 d
711 5371 757 5422 wie
774 5375 870 5423 Amm.c
943 5374 963 5436 l)
982 5374 1107 5424 dassmr't
1124 5374 1167 5423 dtr
1184 5374 1260 5423 Dinte
1277 5390 1325 5423 von
1343 5375 1440 5423 Anima
1456 5371 1631 5438 nachgetragen
1705 5376 1733 5439 g)
1753 5375 1826 5423 iaus

144 5460 160 5493 a
177 5443 298 5509 horrigirt.
318 5487 321 5491 ,
387 5447 424 5511 ,1)
448 5444 524 5510 Vergl.
546 5444 784 5512 &drigk-Harum,
811 5446 861 5494 Iter
884 5445 998 5493 Italicum
1014 5454 1039 5511 p.
1059 5447 1111 5495 205
1128 5445 1176 5495 Nr.
1196 5448 1255 5497 213.
1366 5453 1392 5507 2)
1415 5445 1588 5504 Unrbroncello,
1617 5444 1782 5495 Ombroncello
1800 5445 1827 5494 di

145 5515 235 5565 Ritor'a
253 5514 324 5575 (detto
346 5516 422 5566 anche
443 5516 510 5565 Gora
534 5517 742 5577 d'Ombroncello,
766 5533 780 5565 o
802 5517 868 5566 Gora
894 5517 922 5566 di
941 5517 1017 5584 Gora)
1041 5517 1121 5566 turm
1140 5517 1273 5568 deviaziom
1295 5519 1356 5567 delle
1376 5532 1449 5582 acque
1474 5516 1530 5566 dell
1558 5516 1676 5566 Ombrone
1702 5517 1824 5578 Pistor'ese,

143 5585 185 5636 clu
201 5588 224 5637 si
230 5589 320 5652 forma
338 5591 381 5638 nel
397 5588 508 5637 suburbio
524 5589 695 5639 setterurr'omle
713 5589 741 5637 di
758 5587 857 5648 Pistor'a,
875 5605 892 5636 a
909 5588 974 5637 circa
997 5591 1043 5638 due
1066 5589 1151 5656 mr'glr'a
1170 5592 1237 5640 dalla
1256 5587 1319 5640 cirta.
1356 5590 1432 5639 Diede
1455 5603 1523 5640 nome
1540 5605 1557 5638 n
1573 5588 1617 5638 un'
1636 5588 1719 5639 antica
1737 5589 1824 5652 chiesa,

143 5659 171 5709 S.
190 5658 295 5710 Mickele
312 5661 339 5711 r'n
360 5661 433 5721 Gora,
452 5676 465 5710 e
482 5662 511 5709 al
526 5663 657 5711 comumllo
678 5661 744 5711 Gora
761 5661 789 5709 di
809 5661 875 5711 Gora
893 5657 992 5725 (Cerere
1011 5661 1099 5730 Paolr).
