3974 6188
235 255 278 324 42

236 433 336 496 dente
359 431 431 512 ipsa
454 431 525 512 ripa
549 429 592 494 ab
615 429 778 513 Agaziolo
806 429 976 512 usquead
1006 453 1161 515 campum
1185 432 1310 509 Beduli,
1335 443 1454 496 terram
1477 443 1511 495 et
1532 429 1664 495 vineam
1687 429 1779 495 iuxta
1802 450 1914 494 muros

237 521 376 584 civitatis
408 520 566 606 Ravenne
597 541 672 583 cum
702 532 788 584 turre
820 521 1013 585 Umbratica
1047 523 1079 584 in
1119 523 1280 604 integrum
1312 544 1332 585 a
1361 522 1530 585 Posterula
1563 522 1705 603 Augusti
1736 543 1840 602 usque
1870 523 1914 584 ad

236 620 367 693 portam
390 610 600 686 Taurensem,
632 610 764 673 hortum
794 631 893 673 unum
923 612 1083 692 integrum
1115 613 1147 674 in
1171 613 1246 675 loco
1270 613 1382 694 pontis
1405 611 1555 687 Calciaci,
1587 612 1619 673 in
1644 613 1777 693 regione
1808 612 1913 674 sancti

237 700 380 786 Andree,
411 720 430 762 a
454 699 584 762 duobus
614 699 769 763 lateribus
793 702 861 762 iura
885 701 985 781 ipsius
1008 702 1121 777 sancti,
1153 722 1173 763 a
1203 702 1334 783 reliquis
1358 701 1487 763 duobus
1517 700 1672 765 lateribus
1695 702 1747 763 via
1770 700 1913 782 publica,

236 790 343 852 lacum
375 789 430 869 qui
461 800 598 851 vocatur
627 789 768 853 Sanctus
803 809 877 853 cum
912 790 1065 853 omnibus
1096 790 1193 853 rebus
1217 812 1255 854 ac
1287 791 1491 872 pertinentiis
1522 792 1604 865 suis,
1638 810 1711 852 cum
1743 789 1843 872 plebe
1875 811 1914 852 ac

238 879 372 960 capellis
396 889 430 940 et
460 878 561 940 titulis
593 880 693 960 ipsius
713 879 749 960 a),
781 879 814 941 id
846 889 895 941 est
924 889 1037 967 sancte
1060 880 1178 966 Marie,
1214 881 1317 943 sancti
1343 881 1483 954 Martini,
1515 881 1619 942 sancti
1641 879 1727 941 Petri
1751 889 1785 941 et
1808 880 1913 942 sancti

236 967 401 1041 Venantii‚
427 987 501 1029 cum
525 967 660 1031 decimis
683 979 717 1031 et
740 969 899 1049 primitiis,
924 989 998 1031 cum
1022 970 1161 1049 piscaria
1185 989 1248 1055 que
1270 979 1407 1032 vocatur
1428 970 1536 1044 Titini,
1567 980 1599 1032 et
1624 968 1712 1031 fossa
1735 968 1914 1049 archipres-

236 1058 341 1132 biteri,
366 1066 399 1118 et
421 1057 561 1138 piscaria
578 1077 641 1143 que
656 1068 793 1120 vocatur
808 1058 896 1120 Falci
916 1057 955 1137 b),
980 1078 1054 1120 cum
1077 1058 1151 1120 loco
1177 1060 1231 1140 qui
1256 1059 1373 1122 dicitur
1389 1058 1605 1134 Monticellus,
1629 1058 1736 1120 Lacus
1759 1059 1865 1120 siccus
1886 1060 1913 1134 ε)

238 1167 312 1210 curn
336 1146 414 1227 ripis
437 1144 577 1208 fluminis
593 1147 674 1209 Padi
695 1158 729 1210 et
744 1146 843 1210 Gauri
860 1168 902 1209 ex
918 1148 1062 1228 utrisque
1081 1147 1230 1229 partibus
1253 1168 1356 1229 usque
1372 1149 1414 1211 ad
1430 1169 1528 1224 mare,
1553 1158 1585 1210 et
1602 1168 1621 1209 a
1637 1147 1711 1209 loco
1729 1146 1864 1232 Conche
1884 1146 1913 1229 d)

236 1235 371 1321 Agathe
395 1256 437 1297 ex
460 1256 525 1298 una
548 1245 642 1317 parte
666 1256 768 1318 usque
792 1236 835 1298 ad
859 1257 948 1298 mare
972 1257 1045 1298 cum
1070 1237 1143 1299 loco
1168 1239 1294 1318 integro
1322 1238 1376 1318 qui
1401 1237 1519 1300 dicitur
1535 1237 1747 1299 Masinzatica
1766 1239 1804 1314 e),
1830 1237 1916 1297 inter

238 1326 353 1388 affines
386 1324 427 1386 de
458 1334 531 1387 toto
564 1325 639 1387 loco
671 1347 710 1388 ac
732 1326 894 1388 territorio
926 1326 1115 1413 massacelle
1135 1325 1161 1405 s)
1195 1347 1258 1413 que
1289 1337 1426 1389 vocatur
1456 1327 1564 1389 Lacus
1594 1336 1738 1401 sanctus,
1774 1325 1817 1387 ab
1847 1345 1913 1386 uno

238 1415 338 1478 latere
372 1413 460 1477 fossa
492 1415 674 1477 Molendini
706 1415 748 1477 de
777 1415 868 1477 volta
898 1414 1038 1477 Latercli
1058 1411 1096 1498 g),
1128 1415 1349 1478 descendente
1382 1417 1414 1477 in
1441 1415 1612 1497 Aquiliolo
1632 1414 1672 1492 h),
1706 1426 1782 1476 eta
1812 1413 1913 1475 fluvio

237 1504 339 1567 Triba
355 1523 458 1584 usque
474 1504 506 1565 in
523 1503 630 1566 Eliam
653 1516 686 1566 et
709 1525 768 1586 per
790 1504 945 1585 paludem
969 1525 1072 1586 usque
1096 1506 1127 1567 in
1153 1505 1296 1567 mediam
1320 1506 1456 1568 curbam
1479 1516 1512 1567 et
1538 1505 1622 1567 ultra
1650 1503 1785 1566 curbam
1808 1523 1913 1584 usque

237 1594 363 1656 Padum
394 1604 428 1656 et
457 1593 540 1655 ultra
570 1593 695 1655 Padum
727 1614 830 1674 usque
858 1593 900 1655 ad
924 1593 1062 1657 Gazium
1092 1595 1240 1676 episcopi
1272 1604 1384 1680 sancte
1408 1594 1632 1657 Comaclensis
1655 1593 1802 1678 ecclesie,
1837 1592 1914 1654 inde

237 1704 341 1764 usque
365 1681 497 1744 fluvium
522 1684 576 1763 qui
592 1693 728 1745 vocatur
744 1682 826 1758 Cesi‚
852 1683 893 1745 ab
911 1682 976 1745 alio
1000 1684 1101 1745 latere
1116 1684 1218 1746 curba
1238 1683 1263 1765 i)
1282 1684 1484 1746 descendens
1500 1684 1533 1745 in
1558 1703 1695 1746 concam
1714 1681 1743 1760 1ί)
1760 1681 1913 1767 Agatule,

237 1783 271 1835 et
301 1792 360 1853 per
390 1772 497 1853 ipsam
527 1773 560 1833 in
588 1772 732 1836 Gaurum
750 1770 791 1854 l),
828 1793 847 1835 a
877 1773 973 1834 tertio
1007 1773 1107 1835 latere
1137 1772 1239 1854 palus,
1272 1793 1335 1860 que
1366 1774 1474 1854 pergit
1497 1774 1581 1836 inter
1609 1774 1712 1834 rivum
1735 1769 1857 1851 Angeli
1881 1782 1914 1832 et

237 1861 485 1924 Masinzaticam
508 1882 611 1942 usque
628 1861 863 1936 Monticellum‚
887 1872 920 1924 et
935 1861 1139 1924 Vcdetosam
1153 1865 1193 1944 ¹¹¹)
1217 1874 1398 1925 currentem
1422 1863 1455 1925 in
1471 1863 1605 1937 Padurn,
1631 1882 1650 1923 a
1674 1871 1791 1942 quarto
1814 1858 1915 1922 latere

237 1950 416 2013 Vaculinus
447 1960 480 2012 et
498 1948 529 2025 ῃ)
563 1950 656 2032 Ager
686 1951 789 2012 malus
829 1960 862 2012 et
895 1950 982 2014 Calis
1013 1951 1055 2014 de
1089 1951 1267 2014 Vincareto
1306 1962 1465 2032 pergente
1506 1952 1538 2013 in
1573 1950 1759 2013 Laterclum
1778 1956 1818 2026 0).
1864 1949 1914 2011 In·

237 2060 335 2121 super
358 2040 569 2102 concedimus
600 2040 696 2103 vobis
719 2041 893 2121 piscariam
916 2041 1076 2121 integram
1100 2061 1164 2127 que
1187 2051 1324 2104 vocatur
1343 2041 1481 2116 Volana,
1506 2061 1581 2103 curn
1604 2041 1673 2102 rivo
1694 2038 1865 2102 Badaleno
1884 2042 1913 2116 Ρ)

238 2141 271 2192 et
287 2129 455 2193 Gavalena
478 2130 610 2205 maiore,
635 2130 677 2191 ad
695 2130 800 2210 ipsam
823 2131 998 2211 piscariam
1021 2124 1225 2211 pertinente„
1239 2150 1314 2193 curn
1330 2130 1516 2212 ponticellis
1532 2150 1575 2193 ex
1595 2130 1739 2211 utrisque
1755 2128 1914 2210 partibus,

237 2220 322 2282 sicut
352 2218 432 2281 olim
463 2220 624 2281 intravere
654 2220 686 2281 in
719 2239 824 2294 mare,
857 2218 964 2282 eidem
988 2220 1135 2282 similiter
1157 2221 1368 2301 pertinentes.
1415 2221 1488 2305 Hec
1511 2220 1662 2282 nimirum
1686 2219 1798 2281 omnia
1819 2216 1916 2279 vobis

237 2309 419 2388 vestrisque
450 2307 693 2370 successoribus
723 2309 877 2389 legitimis
907 2318 941 2371 et
972 2308 1132 2385 fratribus,
1167 2310 1318 2390 religiose
1340 2309 1541 2385 viventibus,
1577 2314 1737 2390 perpetuo
1760 2306 1916 2370 habenda

239 2397 458 2473 concedimus,
483 2398 528 2460 ita
551 2418 638 2473 sane,
670 2408 706 2460 ut
728 2419 748 2460 a
770 2398 866 2460 vobis
889 2398 1023 2479 singulis
1048 2399 1306 2480 quibuscumque
1325 2398 1353 2479 q)
1385 2399 1479 2460 annis
1502 2398 1670 2479 pensionis
1693 2397 1827 2459 nomine
1851 2407 1916 2459 tres

238 2488 384 2569 argentei
405 2485 433 2569 r)
457 2486 562 2562 solidi,
586 2486 779 2549 difficultate
810 2489 1005 2569 postposita,
1033 2499 1145 2574 sancte
1169 2498 1279 2575 nostre
1301 2488 1452 2575 Romane
1476 2488 1612 2572 ecclesie
1634 2486 1822 2549 actionariis
1845 2506 1915 2567 per-

237 2577 414 2639 solvantur.
460 2576 586 2640 Crisma
617 2587 650 2639 et
680 2576 789 2639 oleum
818 2587 968 2639 sanctum
992 2597 1011 2638 a
1034 2575 1239 2640 Comaclensi
1271 2578 1439 2658 accipietis
1469 2577 1642 2658 episcopo,
1676 2577 1702 2638 si
1734 2575 1916 2638 catholicus

239 2666 343 2741 fuerit,
374 2676 408 2729 et
430 2665 500 2728 sine
524 2665 693 2746 pravitatis
717 2667 890 2728 exactione
913 2666 1014 2747 gratis
1036 2666 1133 2729 vobis
1158 2667 1285 2744 dares)
1309 2666 1456 2743 voluerit,
1481 2668 1530 2729 sin
1554 2676 1672 2741 autem,
1705 2685 1766 2746 pro
1790 2664 1916 2727 eisdem

237 2755 450 2819 sacramentis
483 2754 683 2835 accipiendis
714 2756 757 2817 ad
789 2775 1029 2837 quemcumque
1064 2755 1241 2818 malueritis
1277 2756 1475 2818 catholicum
1507 2756 1701 2837 episcopum
1735 2754 1916 2816 recurratis.

236 2845 509 2908 Benedictionem
533 2864 666 2925 quoque
689 2845 829 2918 abbatis
861 2844 1097 2907 monachorum
1127 2857 1309 2908 vestrorum
1333 2845 1557 2908 ordinationes
1586 2856 1619 2907 et
1651 2843 1917 2906 consecrationes

238 2934 387 2996 altarium
420 2934 608 2996 monasterii
640 2935 738 2996 vestri
770 2943 803 2997 et
835 2954 963 3008 eorum,
995 2953 1059 3015 que
1088 2934 1121 2995 in
1152 2934 1343 2996 massacella
1361 2937 1392 3013 t)
1423 2935 1512 2997 lacus
1544 2934 1649 2997 sancti
1680 2944 1764 3007 sunt,
1796 2954 1816 2995 a
1849 2951 1916 3013 quo

236 3023 404 3086 volueritis
434 3023 596 3085 catholico
627 3024 787 3104 episcopo
818 3024 990 3104 suscipere,
1022 3023 1186 3085 licentiam
1210 3021 1368 3100 habeatis,
1399 3025 1463 3104 qui,
1494 3022 1676 3108 apostolice
1706 3022 1793 3084 sedis
1817 3021 1917 3084 fultus

238 3113 439 3188 auctoritate,
465 3112 555 3193 quod
579 3113 770 3193 postulatur,
796 3112 973 3194 indulgeat.
1019 3111 1174 3175 Mansuro
1195 3111 1222 3195 ι1)
1248 3114 1347 3175 etiam
1371 3113 1504 3175 decreto
1528 3113 1716 3187 statuimus,
1748 3121 1784 3173 ut
1807 3131 1917 3191 neque

238 3213 281 3278 tu,
307 3202 425 3264 dilecte
448 3201 481 3263 in
498 3201 634 3264 domino
650 3201 694 3264 fili
719 3202 832 3278 abbas,
856 3222 963 3283 neque
980 3200 1097 3282 aliquis
1112 3222 1337 3265 successorum
1361 3213 1491 3264 tuorum
1513 3201 1556 3264 ad
1578 3201 1750 3263 cuiuslibet
1765 3200 1916 3282 episcopi

237 3291 391 3354 sinodum
413 3309 550 3371 pergere
575 3291 798 3373 compellatur,
832 3292 893 3353 nisi
917 3311 936 3353 a
959 3292 1111 3353 Romano
1144 3291 1302 3373 pontifice
1324 3291 1376 3354 vel
1401 3292 1510 3371 legato
1541 3292 1610 3352 eius
1634 3289 1727 3353 fuerit
1750 3290 1916 3352 invitatus

237 3380 294 3444 Ad
318 3381 378 3467 hec
402 3380 580 3442 adicientes
605 3380 817 3454 decernimus,
842 3390 878 3442 ut
900 3379 978 3442 nulli
1003 3380 1262 3462 archiepiscopo,
1294 3379 1372 3442 nulli
1396 3382 1556 3461 episcopo
1580 3380 1685 3454 liceat,
1715 3380 1917 3441 monasterio

238 3480 347 3532 vestro
371 3488 549 3550 gravamen
573 3469 698 3546 inferre,
724 3490 784 3532 nec
808 3470 840 3532 in
864 3470 946 3551 ips0,
971 3480 1027 3531 aut
1050 3470 1118 3531 eius
1142 3469 1239 3532 rebus
1262 3480 1462 3551 potestatem
1486 3489 1645 3532 exercere.
1692 3467 1780 3530 Nulli
1805 3477 1917 3530 autem

238 3557 426 3622 mortalium
457 3558 593 3620 facultas
624 3560 680 3635 sit,
713 3568 822 3640 preter
853 3557 984 3621 abbatis
1016 3567 1049 3620 et
1078 3558 1211 3620 fratrum
1242 3559 1430 3621 monasterii
1461 3559 1665 3621 voluntatem
1689 3557 1826 3621 colonos
1858 3577 1917 3620 seu

237 3648 384 3723 villanos,
417 3647 556 3709 famulos
580 3658 635 3710 aut
658 3647 803 3723 famulas,
837 3647 879 3709 ad
908 3648 1011 3728 ipsum
1042 3648 1275 3710 monasterium
1303 3648 1513 3729 pertinentes,
1546 3657 1602 3709 aut
1625 3647 1666 3710 de
1691 3645 1790 3722 cellis,
1820 3645 1916 3721 villis,

238 3739 350 3799 castris
372 3757 429 3799 scu
458 3736 611 3818 plebibus
644 3736 774 3800 fodrum
805 3746 1001 3816 extorquere
1024 3746 1080 3798 aut
1110 3737 1188 3799 alias
1211 3737 1401 3799 exactiones
1424 3736 1550 3811 inferre,
1582 3736 1640 3799 sed
1672 3755 1804 3817 semper
1825 3735 1916 3797 sedis

238 3825 421 3912 apostolice
452 3826 591 3888 tuitione
621 3825 797 3888 foveamini
829 3836 877 3901 et,
909 3826 936 3887 si
967 3845 1100 3888 necesse
1131 3824 1234 3899 fuerit,
1271 3826 1436 3888 audientia
1467 3826 1719 3900 conservemini,
1756 3824 1849 3887 salva
1881 3824 1915 3886 in

239 3915 392 3978 omnibus
416 3914 561 3977 eiusdem
590 3916 772 4002 apostolice
802 3915 888 3977 sedis
912 3915 1114 3977 auctoritate.
1161 3913 1195 3978 Si
1228 3935 1293 3995 qua
1324 3915 1421 3995 igitur
1453 3915 1486 3977 in
1518 3914 1659 3977 futurum
1691 3913 1915 3977 ecclesiastica

238 4005 432 4067 secularisve
446 4024 596 4085 persona,
620 4003 705 4067 hanc
725 4014 835 4090 nostre
859 4004 1101 4067 constitutionis
1124 4004 1281 4085 paginam
1303 4005 1417 4080 sciens,
1444 4013 1558 4067 contra
1574 4024 1647 4066 eam
1663 4013 1786 4065 temere
1801 4003 1915 4065 venire

238 4094 419 4169 tentaverit,
454 4093 600 4155 secundo
630 4095 768 4156 tertiove
801 4094 1011 4168 commonita,
1044 4093 1070 4155 si
1103 4112 1170 4154 non
1189 4093 1221 4174 v)
1244 4092 1468 4156 satisfactione
1501 4112 1645 4174 congrua
1678 4092 1913 4167 emendaverit,

236 4183 411 4265 potestatis
435 4181 635 4264 honorisque
658 4184 706 4245 sui
731 4183 891 4264 dignitate
914 4191 1024 4245 careat
1047 4202 1201 4263 reamque
1227 4203 1262 4244 se
1287 4183 1397 4245 divino
1422 4182 1543 4245 iudicio
1567 4183 1706 4244 existere
1730 4181 1771 4244 de
1794 4201 1913 4263 perpe-

237 4283 322 4335 trata
355 4272 527 4352 iniquitate
562 4282 759 4353 cognoscat,
803 4283 836 4335 et
870 4293 890 4334 a
927 4271 1146 4334 sacratissimo
1181 4291 1320 4353 corpore
1354 4293 1393 4335 ac
1427 4273 1584 4353 sanguine
1620 4271 1671 4333 dei
1708 4281 1741 4333 et
1776 4270 1913 4346 domini,

238 4361 454 4443 redemptoris
478 4362 579 4424 nostri
602 4363 674 4424 lesu
698 4361 826 4437 Christi,
860 4359 1054 4436 alienafiat,
1090 4372 1189 4441 atque
1213 4361 1245 4422 in
1273 4370 1422 4424 extremo
1446 4362 1598 4423 examine
1628 4361 1772 4446 districte
1796 4359 1914 4422 ultioni

237 4452 413 4514 subiaceat
460 4449 592 4514 Cunctis
616 4463 734 4527 autem,
765 4451 873 4513 eidem
897 4450 972 4512 loco
996 4451 1080 4511 iusta
1092 4448 1128 4532 w)
1152 4450 1364 4527 servantibus,
1396 4452 1438 4514 sit
1464 4471 1532 4532 pax
1565 4450 1689 4512 domini
1713 4449 1816 4511 nostri
1840 4448 1913 4511 lesu

239 4539 366 4616 Christi,
403 4551 563 4622 quatenus
586 4540 694 4603 ethic
723 4540 861 4603 fructum
885 4540 973 4625 bone
1003 4539 1141 4601 actionis
1169 4540 1353 4620 percipiant
1384 4550 1417 4602 et
1444 4539 1534 4621 apud
1565 4539 1747 4601 districtum
1771 4538 1914 4600 iudicem

238 4631 364 4718 premia
387 4641 497 4718 eterne
520 4631 611 4710 pacis
635 4630 810 4692 inveniant.
856 4628 975 4691 Amen.
1021 4627 1141 4690 Amen.

450 4712 506 4800 (R)
529 4718 602 4799 Ego
627 4717 808 4781 Celestinus
832 4717 993 4781 catholice
1017 4717 1153 4780 ecclesie
1177 4717 1352 4798 episcopus
1375 4738 1417 4780 ss.
1443 4717 1514 4797 (M).

450 4803 471 4887 †
493 4807 567 4887 Ego
592 4807 762 4870 Conradus
785 4807 976 4872 Sabinensis
999 4807 1175 4887 episcopus
1194 4828 1234 4869 ss.

450 4893 470 4976 †
493 4896 567 4977 Ego
590 4895 832 4960 Theodewinus
851 4899 878 4978 Χ)
901 4905 1014 4982 sancte
1037 4891 1125 4981 Silvi,²
1149 4894 1298 4957 Candide
1321 4895 1497 4976 episcopus
1520 4914 1561 4956 ss.

450 4981 471 5065 †
493 4985 566 5066 Ego
589 4985 763 5049 Albericus
786 4986 972 5049 Hostiensis
996 4984 1171 5065 episcopus
1195 5005 1236 5046 ss.

450 5069 470 5155 †
493 5075 566 5155 Ego
591 5075 751 5157 Georgius
774 5076 936 5158 presbiter
958 5073 1131 5136 cardinalis
1154 5074 1202 5136 tit.
1226 5072 1328 5135 sancti
1354 5072 1473 5136 Calixti
1497 5094 1537 5136 ss.

237 5229 474 5239 *—

395 5294 421 5359 a)
440 5292 500 5356 ipsis
520 5293 553 5342 [Ι
621 5294 647 5359 b)
666 5295 745 5344 Falce
769 5296 824 5345 Vm.
898 5296 923 5357 c)
940 5310 965 5342 so
983 5293 1008 5342 in
1027 5293 1082 5342 Vm.
1101 5294 1156 5341 arrd
1171 5295 1239 5341 Alex.
1260 5294 1317 5353 III,·
1336 5293 1486 5352 Laciscusl,
1505 5292 1630 5341 Laciticus
1649 5292 1680 5341 II
1747 5291 1775 5356 d)
1797 5290 1919 5341 Concel

235 5362 291 5410 und
307 5362 355 5411 III
421 5365 445 5431 e)
465 5365 629 5414 Masinzarica
649 5366 681 5415 II
748 5368 771 5433 f)
791 5381 873 5429 masse
897 5367 952 5414 Ven.
1036 5370 1063 5430 g)
1082 5366 1201 5414 Laterulo
1221 5364 1256 5425 II,
1276 5366 1323 5414 III
1401 5365 1429 5429 h)
1448 5364 1584 5429 Aquiliono
1604 5364 1624 5412 I
1707 5363 1731 5425 ἱ)
1750 5378 1835 5413 cursus
1849 5363 1869 5422 I,
1884 5363 1919 5412 II

236 5433 263 5499 lr)
282 5433 392 5483 Cuncam
412 5436 432 5484 I
515 5437 535 5500 1)
555 5437 640 5486 Gauro
665 5437 722 5489 Vcn.
812 5449 849 5503 ιιι)
868 5437 1018 5486 Vedetulam
1038 5437 1058 5495 Ι,
1078 5436 1231 5486 Vedicosam
1255 5437 1311 5485 Vm.
1401 5439 1427 5497 n)
1447 5436 1583 5485 Vacolinus
1602 5442 1627 5484 et
1645 5451 1691 5500 per
1709 5434 1744 5494 II,
1766 5434 1911 5497 Vaculinus,

236 5506 305 5569 Ager
323 5506 439 5555 malus]
557 5506 586 5572 o)
606 5508 746 5558 Cantellum
771 5510 826 5558 Vcn.
945 5513 973 5574 p)
993 5508 1124 5558 Badereno
1144 5508 1164 5567 I,
1190 5508 1315 5557 Baderino
1334 5507 1382 5556 III
1393 5508 1449 5556 und
1469 5508 1525 5558 Vm.
1644 5511 1671 5572 q)
1691 5506 1830 5571 quibusque
1854 5507 1911 5556 Ven.

236 5579 258 5640 r)
276 5592 302 5624 so
324 5576 380 5626 Vm.
402 5584 460 5626 statt
482 5580 579 5642 argenti
657 5581 679 5643 ε)
699 5580 783 5629 facere
807 5580 863 5630 Vera
941 5586 961 5646 t)
981 5581 1102 5640 messal,
1127 5580 1183 5630 Vtra
1255 5582 1282 5648 ιι)
1301 5586 1397 5629 maturo
1421 5579 1477 5630 Ven.
1550 5579 1577 5644 v)
1597 5579 1651 5628 sine
1723 5579 1757 5645 w)
1776 5577 1830 5628 iura
1854 5577 1913 5630 Vm.

235 5650 260 5714 x)
279 5647 441 5713 Theogninus
461 5649 482 5712 I,
501 5650 630 5701 Theohlus
649 5651 684 5711 II,
703 5651 858 5716 Thioquinns
882 5651 937 5702 Vm.
