3982 6194
1764 264 1822 330 171

155 438 360 514 intrantibus,
393 440 425 501 in
458 428 661 520 perpetuum.
708 435 870 515 Quotiens
894 434 973 496 illud
1003 454 1023 495 a
1046 435 1142 497 nobis
1165 438 1293 516 petitur,
1326 437 1416 516 quod
1439 437 1585 517 religioni
1610 448 1642 500 et
1664 437 1825 502 honestati

155 529 335 591 dinoscitur
358 528 541 602 convenire,
565 527 675 588 animo
699 545 760 586 nos
791 524 887 585 decet
917 523 1029 585 libenti
1065 525 1246 586 concedere
1279 535 1312 588 et
1340 526 1521 606 petentium
1552 526 1720 590 desideriis
1751 548 1825 590 con·

153 638 268 698 gruum
285 617 474 698 suffragium
492 616 657 697 impertiri.
696 612 889 693 Eapropter,
907 611 1025 674 dilecte
1040 612 1073 672 in
1091 613 1226 675 domino
1244 612 1297 689 fili,
1314 615 1429 676 vestris
1445 615 1536 677 iustis
1552 616 1827 696 postulationibus

154 708 300 788 benigno
323 718 554 769 concurrentes
578 724 720 776 assensu,
750 701 984 763 monasterium
1007 700 1095 763 beati
1119 701 1328 775 Bartolomei‚
1360 704 1392 765 in
1424 724 1489 784 quo
1514 705 1625 767 divino
1649 707 1826 788 mancipati

155 798 231 859 estis
254 795 434 876 obsequio,
467 794 528 857 sub
560 793 649 856 beati
681 792 766 854 Petri
797 797 830 852 et
860 801 971 852 nostra
1001 793 1208 871 protectione
1239 792 1432 873 suscipimus
1462 803 1496 856 et
1525 795 1685 874 presentis
1715 796 1825 877 scripti

155 885 339 967 privilegio·
357 884 606 946 communimus.
661 877 865 954 Statuentes,
902 890 937 940 ut
970 898 1191 961 quascumque
1225 882 1465 962 possessiones,
1504 902 1709 964 quecumque
1738 884 1827 946 bona

154 974 271 1037 eadem
296 973 435 1036 ecclesia
458 974 489 1035 in
514 972 750 1053 presentiarum
774 971 856 1031 iuste
879 977 912 1031 et
936 969 1093 1030 canonice
1125 970 1273 1050 possidet
1305 977 1360 1032 aut
1390 971 1422 1031 in
1452 971 1593 1033 futurum
1616 973 1827 1036 concessione

155 1063 360 1145 pontificum,
391 1063 562 1143 largitione
585 1080 697 1142 regum
724 1059 776 1121 vel
799 1058 993 1139 principum,
1026 1057 1194 1120 oblatione
1228 1059 1372 1120 fidelium
1402 1079 1458 1121 seu
1490 1060 1560 1122 aliis
1590 1062 1680 1124 iustis
1711 1063 1826 1137 modis,

154 1160 324 1233 prestante
340 1152 413 1223 deo,
437 1151 558 1232 poterit
580 1149 726 1231 adipisci,
749 1147 843 1209 firma
857 1147 952 1208 vobis
967 1147 1146 1227 vestrisque
1162 1149 1400 1210 successoribus
1417 1160 1450 1210 et
1466 1148 1590 1211 illibata
1606 1159 1826 1231 permaneant.

154 1243 188 1304 ln
207 1242 330 1322 quibus
347 1241 408 1302 hec
428 1241 569 1321 propriis
589 1239 740 1301 duximus
759 1235 787 1320 a)
809 1235 978 1298 vocabulis
995 1237 1224 1316 exprimenda:
1261 1238 1293 1298 in
1309 1237 1496 1300 Placentina
1512 1239 1641 1301 civitate
1656 1240 1827 1302 ecclesiam

154 1343 267 1393 sancte
283 1329 403 1411 Agate,
427 1325 576 1409 curte(m)
600 1328 707 1409 campi
731 1325 874 1388 Rolandi
898 1344 972 1387 cum
996 1324 1132 1387 ecclesia
1155 1326 1258 1388 sancti
1274 1327 1448 1402 Laurentii,
1473 1337 1596 1389 curtem
1612 1329 1828 1409 Parpanensis

154 1440 229 1481 cum
246 1419 394 1481 ecclesiis
410 1419 512 1480 sancti
525 1416 593 1480 Viti
611 1428 644 1479 et
659 1416 762 1478 sancti
779 1413 909 1486 Fidelis,
925 1424 1048 1475 curtem
1065 1414 1223 1477 Salutiole
1239 1435 1313 1477 cum
1329 1415 1472 1478 ecclesiis
1487 1417 1591 1479 sancti
1603 1417 1825 1480 Bartholomei

154 1517 186 1571 et
209 1510 316 1571 sancti
340 1508 482 1571 Secundi
507 1516 540 1569 et
562 1506 665 1569 sancti
689 1505 774 1566 Petri
799 1505 831 1565 in
854 1502 938 1564 valle
962 1502 1113 1582 Crispasi,
1138 1501 1334 1587 ecclesia(m)
1361 1506 1464 1566 sancti
1489 1505 1621 1586 Georgii
1650 1514 1682 1567 et
1705 1517 1827 1569 curtem

154 1598 396 1679 Valgombarit,
420 1606 543 1658 curtem
568 1594 726 1658 Molinelli
750 1613 824 1655 cum
848 1592 984 1654 ecclesia
1007 1602 1118 1654 sancte
1142 1590 1261 1667 Crucis,
1292 1596 1324 1655 in
1348 1594 1497 1656 Nissiaco
1522 1595 1693 1657 ecclesiam
1715 1607 1828 1659 sancte

156 1688 277 1761 llarie,
317 1689 349 1748 in
379 1685 555 1748 Tabularia
586 1684 756 1746 ecclesiam
787 1688 899 1744 sancte
931 1681 1046 1755 Marie,
1077 1692 1109 1743 et
1139 1701 1254 1744 omnes
1286 1683 1364 1744 alias
1395 1684 1628 1763 possessiones,
1661 1704 1724 1765 que
1753 1695 1828 1747 suut

155 1778 313 1857 disperse,
337 1776 589 1856 circumquaque
612 1773 712 1835 hodie
736 1771 919 1851 possidetis.
965 1770 1052 1833 Sane
1076 1771 1117 1832 de
1141 1770 1307 1833 laboribus
1337 1772 1502 1834 novalium
1525 1784 1713 1848 vestrorum,
1745 1794 1828 1854 quos

153 1866 298 1947 propriis
323 1864 473 1926 manibus
496 1876 552 1926 aut
573 1860 759 1942 sumptibus
782 1860 903 1933 colitis,
927 1859 995 1920 sive
1019 1859 1060 1921 de
1084 1861 1287 1922 nutrimentis
1310 1871 1490 1922 vestrorum
1514 1862 1703 1924 animalium
1723 1862 1827 1924 nullus

154 1976 174 2016 a
196 1954 295 2016 vobis
319 1953 464 2017 decimas
487 1963 653 2033 presumat
677 1951 815 2030 exigere.
860 1949 1076 2011 Decernimus
1099 1967 1187 2029 erg0,
1212 1957 1246 2009 ut
1270 1950 1346 2011 nulli
1371 1950 1506 2011 omnino
1530 1951 1699 2013 hominum
1724 1951 1827 2026 liceat,

154 2043 298 2106 eandem
329 2042 499 2104 ecclesiam
532 2090 537 2103 .
569 2088 576 2101 .
610 2088 617 2101 .
648 2039 759 2102 usibus
790 2037 989 2100 omnimodis
1020 2037 1204 2119 profutura,
1242 2038 1331 2100 salva
1367 2040 1500 2119 quidem
1531 2041 1712 2121 apostolice
1741 2041 1828 2103 sedis

154 2133 353 2195 auctoritate
383 2140 416 2193 et
447 2132 696 2193 diocesanorum
729 2128 961 2208 episcoporum
984 2127 1017 2188 in
1048 2126 1242 2207 supradictis
1265 2128 1398 2208 capellis
1428 2129 1587 2190 canonica
1619 2130 1746 2193 iustitia
1792 2129 1827 2193 Si

155 2243 222 2303 qua
244 2241 326 2284 vero
350 2268 357 2281 .
380 2267 388 2281 .
411 2267 418 2280 .
443 2219 577 2283 Cunctis
600 2228 710 2281 autem
733 2264 740 2277 .
765 2266 771 2278 .
796 2265 803 2277 .
826 2215 999 2287 inveniant
1044 2213 1164 2277 Amen.

316 2311 394 2372 Dat.
419 2308 608 2382 Beneventi,
638 2327 698 2388 per
726 2325 859 2368 manum
888 2303 1039 2379 Rolandi,
1071 2311 1183 2367 sancte
1212 2305 1362 2368 Romane
1393 2307 1529 2369 ecclesie
1559 2306 1729 2388 presbiteri
1762 2328 1827 2370 car·

155 2399 273 2461 dinalis
297 2410 332 2460 et
355 2398 546 2461 cancellarii.
585 2409 620 2459 v1
636 2396 711 2458 Idus
728 2395 844 2457 Martii.
882 2393 1064 2459 Indictione
1079 2409 1136 2454 1111.
1174 2394 1409 2463 Incarnationis
1431 2396 1595 2463 dominice
1619 2416 1706 2466 anno
1723 2408 1828 2464 MCLV.

153 2488 371 2552 Pontificatus
393 2507 471 2549 vero
496 2487 608 2548 domni
631 2485 769 2548 Adriani
794 2503 882 2565 pape
905 2499 955 2543 1111
979 2503 1066 2545 anno
1089 2483 1242 2545 secundo.

317 2600 518 2665 Koprblurkuude
535 2601 574 2653 des
596 2601 625 2649 15
647 2597 748 2666 Jahrb,
765 2597 799 2647 im
817 2596 930 2650 Arcltvr'o
948 2596 974 2649 di
991 2596 1058 2646 Stolo
1075 2611 1105 2649 ru
1124 2595 1245 2652 Mailand.

903 2885 970 2960 Nr.
1000 2890 1084 2961 162.

156 3021 314 3086 Hadrian
331 3020 355 3084 I
363 3017 393 3081 V
409 3017 527 3081 niinmt
547 3017 601 3081 dic·
625 3015 921 3099 Kollegiatkirchen
943 3040 1003 3081 von
1026 3018 1132 3082 Santa
1156 3018 1269 3082 Maria
1293 3020 1331 3083 di
1348 3019 1454 3083 Calda
1476 3021 1626 3082 Maaocca
1645 3020 1715 3084 und
1728 3020 1828 3084 Santa

157 3111 273 3176 illaria
288 3109 329 3172 di
344 3109 463 3192 Fojano
486 3107 525 3170 di
552 3105 614 3170 Val
627 3107 758 3171 Fertore
773 3107 832 3187 (D.
849 3106 1021 3191 Benevent)
1047 3109 1081 3171 in
1109 3106 1338 3191 apostoli'sclzen
1361 3108 1478 3172 Schutz
1499 3108 1569 3173 und
1588 3108 1738 3195 bestc'itzgt
1759 3109 1829 3174 ihre

733 3195 979 3260 Besitztlni'mer
999 3198 1068 3260 und
1090 3197 1206 3261 Rechte
1224 3200 1261 3281 ¹).

759 3312 842 3374 1156
856 3310 958 3393 April
968 3314 1018 3374 14.
1064 3311 1231 3376 Benevent.

319 3429 485 3492 Adrianus
507 3429 692 3509 episcopus,
719 3448 829 3491 servus
852 3448 1017 3492 servorum
1049 3430 1110 3504 dei,
1142 3429 1268 3491 dilectis
1298 3428 1371 3491 filiis
1394 3429 1541 3504 Iohanni,
1571 3430 1670 3510 priori
1694 3429 1829 3492 ecclesie

160 3530 269 3582 sancte
295 3519 400 3581 Marie
431 3518 472 3579 de
503 3516 633 3580 Gualdo
650 3513 675 3601 ¹)
700 3518 863 3592 Mazocca,
895 3518 1028 3600 eiusque
1052 3518 1211 3593 fratribus,
1244 3527 1311 3579 tam
1338 3519 1544 3599 presentibus
1574 3538 1672 3598 quam
1705 3517 1827 3594 suturis,

161 3608 341 3691 regularem
363 3607 465 3669 vitam
488 3606 652 3687 professis,
680 3618 719 3667 IN
742 3618 819 3666 ΡΡΜ.
844 3642 882 3651 -
907 3603 911 3689 1
932 3607 1149 3682 Desiderium,
1181 3607 1269 3687 quod
1302 3607 1344 3669 ad
1375 3607 1538 3688 religionis
1568 3608 1774 3689 propositum
1796 3615 1829 3670 et

160 3700 341 3761 animamm
357 3696 495 3758 salutem
510 3696 671 3776 pertinere
687 3704 892 3771 monstratur,
914 3706 1046 3759 auctore
1063 3696 1126 3759 deo
1142 3697 1211 3759 sine
1227 3696 1336 3776 aliqua
1351 3705 1400 3758 est
1416 3696 1571 3758 dilatione
1587 3695 1828 3777 complendum.

160 3788 355 3869 Eapropter,
388 3783 496 3847 dilecti
515 3783 521 3868 Ι
541 3785 574 3846 in
598 3784 733 3846 domino
756 3784 822 3859 filii,
845 3786 960 3847 vestris
984 3786 1074 3848 iustis
1098 3785 1372 3867 postulationibus
1395 3785 1571 3847 clementer
1594 3786 1772 3859 annuimus
1797 3795 1830 3847 et

161 3876 322 3956 prefatam
346 3874 516 3937 ecclesiam
548 3881 581 3936 et
611 3872 707 3934 aliam
739 3873 911 3936 ecclesiam
942 3875 1039 3937 beate
1063 3874 1166 3937 Marie
1190 3875 1231 3936 de
1263 3874 1424 3936 territorio
1447 3874 1562 3936 Foiani
1581 3872 1614 3958 ³),
1647 3875 1679 3935 in
1711 3873 1830 3954 quibus

163 3966 269 4028 divino
305 3963 483 4044 mancipati
516 3962 593 4025 estis
617 3961 793 4042 obsequio,
824 3964 885 4025 sub
919 3962 1007 4025 beati
1031 3963 1116 4026 Petri
1148 3973 1180 4025 et
1211 3971 1321 4025 nostra
1351 3963 1557 4043 protectione
1580 3962 1772 4044 suscipimus
1796 3972 1829 4026 et

162 4053 320 4135 presentis
342 4051 452 4133 scripti
476 4051 646 4133 privilegio
670 4052 916 4114 communimus.
961 4053 1134 4133 Inprimis
1162 4052 1323 4132 siquidem
1354 4059 1541 4126 statuentes,
1572 4060 1607 4113 ut
1637 4053 1669 4113 in
1693 4051 1830 4114 ecclesia

163 4144 198 4206 de
228 4141 362 4207 Gualdo
386 4142 542 4204 Mazocca
572 4139 655 4202 ordo
686 4141 884 4203 monasticus
911 4142 1090 4203 secundum
1121 4142 1219 4204 deum
1237 4139 1266 4224 b)
1298 4150 1331 4203 et
1361 4141 1448 4203 beati
1472 4141 1642 4203 Benedicti
1674 4140 1828 4221 regulam,

163 4233 189 4294 in
218 4232 284 4294 alia
314 4250 393 4292 vero
424 4230 561 4292 ecclesia
592 4229 633 4291 de
664 4230 824 4291 territorio
848 4231 964 4292 Foiani
996 4230 1078 4292 ordo
1111 4232 1287 4292 canonicus
1318 4230 1497 4293 secundum
1529 4229 1580 4292 dei
1613 4231 1764 4292 timorem
1796 4240 1830 4294 et

163 4320 245 4383 beati
269 4319 447 4400 Augustini
471 4318 616 4399 regulam
639 4318 805 4399 perpetuis
828 4318 1032 4400 temporibus
1056 4319 1285 4381 inviolabiliter
1307 4318 1505 4381 observetur.
1551 4320 1709 4394 Preterea,
1735 4339 1827 4400 quas·

164 4429 301 4491 cumque
333 4408 572 4490 possessiones,
609 4427 813 4488 quecumque
845 4407 935 4470 bona
959 4409 990 4469 in
1023 4409 1258 4489 presentiarum
1290 4408 1373 4471 iuste
1403 4415 1435 4470 et
1466 4409 1623 4470 canonice
1654 4408 1829 4489 possidetis

163 4508 212 4561 aut
228 4500 261 4561 in
279 4497 422 4560 futurum
437 4495 649 4559 concessione
666 4495 867 4577 pontificum,
892 4496 1063 4577 largitione
1079 4516 1191 4577 regum
1206 4497 1258 4559 vel
1274 4497 1468 4578 principum,
1492 4496 1660 4559 oblatione
1675 4496 1829 4569 fidelium,

163 4607 213 4649 seu
237 4587 311 4650 aliis
335 4585 582 4648 rationabilibus
605 4584 722 4663 modis,
746 4592 913 4664 prestante
930 4586 1074 4661 dominu,
1098 4587 1247 4668 poteritis
1263 4587 1408 4667 adipisci,
1432 4584 1526 4648 firma
1541 4585 1635 4648 vobis
1650 4586 1830 4666 vestrisque

164 4674 402 4739 successoribus
425 4684 458 4737 et
482 4674 605 4735 illibata
637 4684 859 4754 permaneant.
904 4675 954 4737 Ita
984 4684 1103 4749 tamen,
1135 4684 1170 4737 ut
1200 4676 1233 4735 in
1264 4675 1457 4749 civitatibus,
1489 4674 1629 4738 castellis
1658 4694 1714 4736 seu
1746 4674 1830 4737 villis

164 4774 259 4827 terras
284 4772 340 4827 aut
355 4765 467 4826 vineas
492 4783 558 4825 non
575 4762 670 4825 liceat
685 4762 780 4825 vobis
796 4765 953 4845 accipere,
979 4774 1013 4826 ut
1029 4765 1144 4825 remoti
1162 4763 1204 4825 ab
1221 4762 1390 4826 hominum
1406 4765 1543 4846 strepitu
1559 4764 1829 4844 contemplationi

165 4854 268 4916 divine
292 4853 425 4915 liberius
447 4872 563 4914 vacare
586 4851 721 4914 valeatis
745 4861 778 4914 et
806 4853 963 4915 altissimo
988 4853 1126 4934 quietius
1156 4853 1325 4915 deservire.
1373 4853 1581 4917 Obeuntibus
1603 4872 1680 4916 vero
1704 4872 1829 4914 eorum·

165 4943 233 5005 dem
258 4943 408 5005 locorum
431 4941 594 5024 prioribus
617 4952 672 5003 aut
694 4961 807 5004 eorum
831 4942 979 5022 quolibet
1009 4961 1203 5017 successore,
1239 4941 1344 5004 nullus
1374 4942 1419 5004 ibi
1451 4942 1597 5025 qualibet
1619 4942 1831 5023 surreptionis

165 5032 276 5095 astutia
298 5052 356 5094 seu
379 5030 535 5094 violentia
557 5037 766 5111 preponatur,
791 5030 851 5093 nisi
876 5050 974 5111 quem
998 5031 1111 5093 iratres
1127 5031 1290 5093 communi
1308 5051 1469 5094 consensu
1489 5031 1517 5117 c)
1539 5052 1596 5094 seu
1612 5051 1688 5113 pars
1703 5030 1830 5093 consilii

165 5122 296 5184 sanioris
319 5120 382 5183 sibi
406 5120 594 5201 regulariter
616 5119 814 5200 previderint
837 5119 1024 5201 eligendum
1048 5120 1101 5195 ita,
1131 5130 1166 5183 ut
1189 5120 1325 5183 consilio
1349 5119 1483 5183 fratrum
1506 5121 1672 5201 utriusque
1695 5119 1831 5185 ecclesie

165 5210 246 5288 prior
265 5208 305 5293 d),
330 5219 398 5271 tam
423 5210 454 5270 in
483 5229 555 5285 una,
589 5228 688 5289 quam
711 5209 743 5271 in
767 5208 869 5271 altera
900 5209 1037 5272 ecclesia
1066 5209 1211 5290 eligatur.
1258 5207 1384 5272 Crisma
1414 5229 1501 5284 vero,
1532 5209 1641 5271 oleum
1671 5218 1830 5284 sanctum,

164 5298 423 5362 consecrationes
462 5298 610 5361 altarium
649 5318 705 5360 seu
746 5297 969 5375 basilicarum,
1013 5298 1237 5362 ordinationes
1275 5297 1512 5362 monachorum
1550 5298 1602 5361 vel
1641 5298 1831 5363 clericorum

168 5432 347 5441 ae—Q—--—--
359 5434 396 5439 --
409 5432 456 5439 n...-
478 5434 497 5439 —.
515 5434 544 5439 -
554 5434 584 5439 ..-

317 5494 344 5552 ι)
363 5492 474 5541 dicemus
545 5492 572 5558 b)
591 5507 632 5541 um
650 5493 703 5556 arcs
715 5492 800 5540 ll'usur
870 5494 895 5555 c)
915 5507 960 5540 ens
977 5493 1029 5557 auf
1042 5495 1128 5541 Rasur
1198 5493 1224 5556 d)
1244 5493 1324 5541 linter
1341 5508 1352 5540 r
1371 5493 1461 5542 Rasur.
1492 5532 1495 5537 .
1553 5496 1589 5552 ·¹l
1611 5493 1689 5557 Vergl.
1713 5492 1750 5541 die
1771 5491 1831 5542 Ura.

164 5577 209 5611 tum
226 5567 263 5615 26
281 5562 360 5613 Mein
381 5563 452 5613 1183.
550 5569 576 5627 α)
597 5564 683 5622 Guldo,
705 5563 859 5612 Cirtondario
877 5564 940 5613 della
954 5572 1024 5629 prov.
1050 5565 1077 5613 di
1092 5566 1230 5623 Benevento,
1256 5566 1297 5613 nel
1316 5563 1471 5627 Napolitano.
1579 5569 1607 5632 3)
1626 5565 1720 5630 Fajano
1738 5563 1765 5612 di
1786 5563 1835 5614 isal

164 5635 259 5697 latore,
282 5637 375 5685 Comm.
393 5637 437 5685 ml
449 5634 603 5699 Napolitnno,
617 5643 688 5703 prov.
706 5635 734 5684 di
749 5636 889 5696 Benevento,
908 5635 1012 5687 circond.
1030 5637 1058 5687 di
1073 5636 1126 5686 Son
1144 5636 1292 5686 Bartolomeo
1308 5635 1335 5689 in
1356 5635 1443 5690 Galdo.

1570 5714 1623 5770 22·
1882 5724 1948 5808 Δ
