3974 6188
237 274 282 360 64

236 468 472 532 sectationibus
495 466 704 531 ecclesiarum
727 478 760 531 et
783 467 1003 531 anniversario
1028 467 1283 533 consecrationis
1313 478 1388 532 tuae
1421 469 1483 544 die,
1516 466 1606 531 cuius
1636 468 1787 531 nimirum
1812 463 1913 550 pallei

237 559 386 621 volumus
401 567 434 620 te
449 577 509 638 per
524 558 634 619 omnia
656 559 803 638 gentium
826 559 1000 621 vendicare
1018 561 1057 638 ¹³).
1102 558 1207 622 Huius
1230 559 1392 638 siquidem
1418 559 1599 621 indumenti
1616 559 1722 621 honor
1745 557 1914 620 humilitas

237 657 336 728 atque
360 647 482 709 iustitia
504 656 568 709 est:
608 655 680 709 tota
712 668 790 729 ergo
822 655 931 710 mente
962 649 1144 711 iratemitas
1176 660 1232 711 tua
1263 671 1298 712 se
1328 647 1485 710 exhibere
1518 646 1649 710 festinet
1679 649 1711 709 in
1744 647 1915 728 prosperis

238 736 416 799 humillime
440 746 473 798 et
496 736 528 797 in
553 735 706 812 adversis,
730 737 756 799 si
782 738 915 818 quando
933 739 1106 812 evenerint,
1131 759 1205 800 cum
1230 738 1351 801 iustitia
1367 748 1517 811 erectam,
1543 737 1681 799 amicam
1706 737 1815 811 bonis,
1839 757 1913 818 per·

237 826 337 888 versis
360 825 565 900 contrariam,
596 826 713 888 nullius
737 846 881 907 unquam
913 826 1029 889 faciem
1061 838 1176 889 contra
1202 829 1373 890 veritatem
1396 827 1585 907 suscipiens,
1618 825 1734 888 nullius
1766 845 1913 906 unquam

237 914 354 977 faciem
387 935 447 997 pro
470 915 607 977 veritate
639 914 829 996 loquentem
859 936 1038 997 praemens,
1073 917 1315 979 misericordiae
1348 916 1504 997 operibus
1535 917 1626 978 iuxta
1655 917 1809 977 virtutem
1837 914 1913 977 sub-

237 1005 376 1066 stantiae
407 1004 566 1079 insistens,
598 1014 708 1067 tamen
740 1005 886 1067 insistere
917 1007 1014 1068 etiam
1045 1027 1144 1087 supra
1166 1007 1318 1069 virtutem
1349 1005 1497 1086 cupienS,
1531 1004 1665 1066 infirmis
1696 1006 1913 1086 compatiens,

237 1092 505 1155 benevalentibus
528 1095 747 1174 congaudens,
772 1095 878 1156 aliena
902 1094 1023 1156 damna
1046 1096 1180 1176 propria
1204 1095 1374 1176 deputans,
1400 1095 1441 1156 de
1464 1095 1578 1157 alienis
1598 1095 1726 1175 gaudiis
1741 1101 1915 1174 tamquam

238 1183 279 1244 de
302 1182 443 1263 propriis
466 1182 624 1258 exultans,
649 1184 681 1245 in
705 1184 905 1264 corrigendis
928 1185 1015 1247 vitiis
1038 1186 1092 1265 pie
1115 1186 1271 1260 saeviens,
1300 1186 1332 1247 in
1358 1184 1507 1246 fovendis
1530 1183 1703 1246 virtutibus
1726 1184 1915 1245 auditorum

238 1272 364 1333 animos
389 1271 585 1347 demulcens,
616 1273 648 1333 in
682 1273 728 1334 ira
758 1273 913 1335 iudicium
942 1275 1012 1335 sine
1043 1275 1089 1335 ira
1112 1284 1235 1349 tenens,
1268 1275 1300 1335 in
1331 1273 1565 1354 tranquillitate
1589 1283 1698 1334 autem
1731 1273 1915 1334 severitatis

238 1361 340 1423 iustae
364 1380 514 1423 censuras
530 1381 596 1423 non
614 1361 775 1425 deserens
815 1361 906 1424 Haec
922 1373 979 1438 est,
1005 1361 1103 1424 irater
1118 1365 1291 1439 carissime,
1316 1362 1413 1445 pallei
1438 1363 1564 1443 accepti
1589 1362 1738 1442 dignitas,
1763 1382 1864 1442 quam
1889 1362 1915 1422 si

238 1450 376 1512 sollicite
398 1451 583 1525 servaveris
615 1452 705 1531 quod
730 1450 808 1514 soris
831 1453 997 1533 accepisse
1021 1454 1210 1528 ostenderis,
1242 1454 1326 1515 intus
1350 1452 1498 1515 habebis.
1545 1452 1798 1514 Fratemitatem
1822 1463 1915 1514 tuam

238 1559 379 1621 superna
402 1540 554 1620 dignacio
577 1560 637 1621 per
659 1551 811 1622 tempora
834 1541 932 1622 longa
956 1553 1126 1605 conservet
1150 1543 1355 1605 incolumem.
1400 1541 1520 1603 Amen.
1544 1540 1662 1603 Amen.
1685 1539 1806 1603 Amen.

450 1628 505 1708 (R)
529 1629 602 1710 Ego
625 1629 745 1692 Lucius
769 1630 951 1693 catholicae
974 1630 1130 1694 ecclesiae
1154 1633 1332 1715 episcopus
1355 1653 1396 1694 ss.
1420 1631 1486 1713 (M)

449 1719 470 1797 †
492 1718 566 1799 Ego
590 1718 699 1783 Guido
723 1719 885 1801 presbiter
907 1720 1079 1782 cardinalis
1103 1722 1150 1784 tit.
1175 1732 1362 1784 sanctorum
1385 1720 1552 1783 Laurentii
1577 1730 1610 1782 et
1632 1720 1769 1782 Damasi
1793 1740 1834 1782 ss.

450 1808 471 1885 ’γ
494 1808 567 1888 Ego
591 1808 782 1871 Mansredus
805 1809 966 1891 presbiter
989 1809 1160 1873 cardinalis
1184 1811 1342 1873 diaconus
1365 1820 1477 1872 sancte
1501 1808 1621 1873 Savine
1644 1831 1684 1871 ss.

397 1897 520 1958 Datum
542 1898 705 1973 Laterani,
736 1919 796 1979 per
826 1919 957 1961 manum
986 1900 1132 1974 Baronis‚
1164 1911 1297 1963 sanctae
1320 1901 1491 1962 Romanae
1524 1899 1680 1962 ecclesiae
1710 1897 1916 1961 subdiaconi.

239 1998 290 2047 1111
322 1985 436 2048 Nonas
466 1985 533 2048 Ian.
580 1988 763 2049 Indictione
787 1999 858 2049 vlll.
904 1988 1139 2052 lncarnationis
1170 1991 1355 2053 dominicae
1386 2010 1472 2052 anno
1504 2000 1648 2050 MCXLIV.
1700 1987 1917 2051 Pontificatus

238 2095 316 2137 vero
341 2076 453 2137 domni
477 2076 569 2137 Lucii
593 2076 727 2139 secundi
752 2097 839 2158 pape
863 2098 949 2140 anno
974 2092 995 2140 1.

401 2189 444 2238 Or.
462 2190 517 2238 und
532 2189 657 2256 Abschrr'jt
673 2191 714 2239 des
734 2191 791 2241 Cod.
812 2191 880 2257 Dr'pl.
898 2191 1005 2241 ecclesrbe
1023 2193 1194 2253 andr'sa'nae,
1216 2193 1253 2242 'im
1269 2191 1383 2242 Archivr‘o
1404 2191 1537 2256 capitolare
1555 2207 1585 2239 ru
1603 2190 1721 2241 Brindisi.

999 2478 1065 2554 Nr.
1098 2483 1158 2554 63.

241 2626 359 2690 lucius
375 2626 420 2690 II
437 2623 611 2691 ribrrwczst
629 2626 702 2691 dem
727 2626 864 2711 Kapitel
880 2649 941 2691 von
964 2628 1034 2694 San
1053 2629 1218 2693 Giooanni
1239 2631 1273 2693 in
1291 2629 1449 2693 Laterano
1470 2649 1511 2692 zu
1528 2627 1610 2692 Rom
1630 2628 1684 2691 die
1701 2625 1823 2693 Kr'rclre
1847 2627 1918 2692 San

243 2716 406 2779 Giovanni
440 2719 558 2780 ovanti
588 2717 686 2780 Porta
725 2718 845 2781 Latina
875 2718 945 2781 und
972 2719 1047 2872 &ab
1064 2718 1220 2887 iamim
1253 2719 1305 2783 bei
1334 2720 1433 2783 Porta
1464 2720 1680 2782 Laterancnse
1717 2720 1780 2782 mit
1817 2719 1917 2782 allem

1004 2831 1027 2871 rc
1048 2831 1066 2871 e
1088 2813 1181 2872 or¹.

860 2943 944 3004 1145
959 2942 1094 3016 Januar
1115 2945 1166 3005 31.
1200 2942 1292 3007 Rom.

397 3085 517 3148 Lucius
533 3084 718 3166 episcopus,
735 3104 845 3146 servus
860 3104 1027 3147 servorum
1043 3081 1132 3169 (dei),
1150 3086 1277 3149 dilectis
1293 3086 1366 3147 filiis
1378 3086 1555 3160 Bernard0,
1572 3084 1673 3166 priori
1685 3085 1918 3148 Lateranensis

240 3175 390 3250 ecclesie,
422 3175 557 3254 eiusque
589 3173 749 3248 fratribus,
780 3184 848 3235 tam
880 3176 1085 3254 presentibus
1121 3196 1219 3257 quarn
1253 3176 1374 3249 suturis,
1406 3175 1586 3255 regularem
1616 3174 1718 3237 vitam
1748 3173 1915 3255 professis

240 3266 490 3347 imperpetuum.
523 3263 605 3327 Cum
629 3263 785 3325 universis
801 3262 982 3326 catholicae
999 3265 1155 3327 ecclesiae
1171 3265 1245 3327 filiis
1261 3286 1303 3326 ex
1320 3265 1464 3327 iniuncto
1481 3264 1577 3327 nobis
1594 3285 1613 3325 a
1629 3265 1692 3325 deo
1710 3263 1917 3345 apostolatus

240 3354 350 3417 officio
375 3353 541 3417 debitores
565 3353 752 3428 existamus,
774 3352 871 3415 vobis
894 3363 1004 3416 tamen
1036 3365 1070 3416 et
1099 3364 1232 3416 sanctae
1254 3354 1467 3417 Lateranensi
1499 3354 1664 3429 ecclesiae,
1698 3373 1783 3434 quae
1816 3362 1917 3434 caput

240 3454 273 3507 et
296 3454 400 3506 mater
423 3442 569 3506 omnium
593 3442 728 3505 aliarum
751 3442 960 3504 ecclesiarum
987 3464 1058 3506 esse
1082 3444 1268 3519 dinoscitur,
1300 3443 1506 3525 propensiori
1530 3443 1638 3505 studio
1670 3462 1730 3505 nos
1761 3443 1918 3505 convenit

239 3534 422 3615 providere.
469 3531 664 3613 Eapropter,
696 3531 815 3594 dilecte
843 3532 875 3593 in
900 3532 1035 3594 domino
1067 3532 1120 3607 fili,
1153 3533 1194 3595 de
1223 3543 1351 3595 vestrae
1384 3532 1569 3595 devotionis
1599 3532 1709 3594 studio
1739 3532 1917 3613 plurimum

240 3622 452 3698 confidentes
477 3621 648 3683 ecclesiam
672 3621 775 3682 sancti
791 3619 947 3683 Iohannis
970 3631 1046 3684 ante
1069 3632 1199 3703 portam
1215 3621 1367 3684 Latinam
1385 3621 1409 3703 ²)
1434 3632 1467 3683 et
1490 3620 1653 3703 hospitale
1677 3622 1768 3684 iuxta
1783 3632 1916 3702 portam

239 3712 495 3774 Lateranensem
519 3730 593 3773 cum
617 3710 770 3772 omnibus
793 3711 858 3773 suis
882 3711 1086 3791 pertinentiis
1110 3712 1151 3784 ad
1176 3711 1423 3786 meliorandum,
1454 3710 1634 3792 regendum
1659 3706 1915 3792 disponendum·

241 3821 305 3881 que
328 3801 424 3863 vobis
448 3799 691 3862 committimus.
737 3799 825 3861 Nulli
850 3820 928 3880 ergo
952 3801 1088 3862 omnino
1111 3800 1282 3863 hominum
1306 3801 1355 3863 sas
1378 3802 1429 3877 sit,
1452 3820 1512 3862 vos
1535 3819 1633 3881 super
1656 3799 1741 3862 hanc
1769 3810 1917 3863 nostram

241 3890 507 3952 commissionem
531 3898 653 3950 temere
676 3888 866 3970 perturbare
890 3910 946 3951 seu
972 3890 1172 3970 quibuslibet
1200 3891 1356 3953 molestiis
1389 3888 1531 3971 fatigare.
1578 3888 1612 3952 Si
1647 3890 1717 3969 quis
1748 3888 1916 3951 autemid

241 3989 437 4061 attemptare
469 3978 711 4059 presumpserit,
743 3979 1003 4059 indignationem
1035 3980 1271 4061 omnipotentis
1303 3979 1354 4042 dei
1386 3990 1419 4041 et
1449 3979 1622 4042 beatorum
1650 3978 1735 4041 Petri
1760 3988 1794 4041 et
1815 3977 1917 4052 Pauli,

241 4069 473 4150 apostolorum
496 4067 574 4141 eius
598 4086 633 4129 se
656 4069 785 4130 noverit
807 4069 1017 4130 incursurum.

454 4157 510 4234 (R)
533 4157 607 4236 Ego
630 4155 750 4219 Lucius
773 4157 934 4220 catholice
958 4157 1094 4220 ecclesie
1118 4159 1292 4241 episcopus
1314 4179 1355 4220 ss.
1380 4157 1442 4237 (M)

454 4247 474 4323 †
497 4245 571 4326 Ego
594 4243 814 4308 Theodewius
832 4243 861 4329 b)
884 4257 997 4309 sancte
1019 4246 1137 4309 Rufine
1162 4248 1337 4329 episcopus
1360 4268 1401 4309 ss

454 4333 474 4414 †
497 4334 571 4416 Ego
596 4333 766 4399 Conradus
790 4335 981 4400 Sabinensis
1005 4337 1180 4417 episcopus
1204 4358 1245 4399 ss.

455 4420 475 4503 †
497 4424 572 4505 Ego
595 4424 708 4487 Petrus
731 4423 930 4488 Albanensis
953 4425 1090 4488 ecclesie
1113 4426 1289 4507 episcopus
1311 4447 1353 4488 ss.

454 4513 475 4590 †
497 4513 571 4594 Ego
594 4512 755 4576 Guarinus
778 4515 983 4578 Prenestinus
1007 4515 1182 4595 episcopus
1206 4536 1246 4576 ss.

454 4599 474 4680 †
497 4603 571 4683 Ego
594 4600 771 4683 Gregorius
794 4605 955 4686 presbiter
978 4603 1150 4666 cardinalis
1174 4605 1221 4666 tit.
1246 4602 1364 4666 Calixti
1388 4623 1429 4666 ss

454 4691 475 4768 'r
498 4691 571 4772 Ego
594 4692 765 4754 Rainerius
788 4694 950 4775 presbiter
972 4692 1145 4755 cardinalis
1169 4693 1216 4754 tit.
1240 4703 1352 4755 sancte
1374 4693 1482 4756 Prisce
1505 4713 1545 4755 ss

454 4778 475 4858 †
498 4781 571 4861 Ego
596 4778 743 4843 Thomas
766 4783 928 4863 presbiter
950 4781 1123 4844 cardinalis
1146 4783 1194 4844 tit.
1217 4781 1353 4844 Vestine
1377 4803 1418 4845 ss.

454 4869 476 4945 †
499 4870 572 4951 Ego
597 4869 774 4934 Gilibertus
797 4873 959 4954 presbiter
982 4871 1155 4934 cardinalis
1179 4872 1226 4933 tit.
1252 4873 1354 4934 sancti
1379 4872 1482 4934 Marci
1506 4892 1546 4933 ss

455 4958 476 5036 †
499 4959 572 5040 Ego
597 4958 706 5021 Guido
730 4961 892 5041 presbiter
915 4960 1088 5023 cardinalis
1111 4960 1160 5022 tit.
1185 4970 1371 5023 sanctorum
1395 4961 1559 5024 Laurentii
1584 4969 1617 5023 et
1640 4957 1776 5021 Damasi
1801 4975 1843 5019 ss.

455 5047 476 5124 †
499 5049 572 5129 Ego
597 5048 753 5112 Nicolaus
777 5051 938 5132 presbiter
961 5050 1133 5112 cardinalis
1157 5050 1204 5111 tit.
1229 5051 1332 5113 sancti
1357 5050 1472 5114 Ciriaci
1497 5072 1537 5112 ss

455 5137 476 5215 †
499 5138 572 5219 Ego
597 5137 786 5203 Manfredus
809 5140 972 5222 presbiter
994 5138 1166 5200 cardinalis
1190 5140 1237 5202 tit.
1261 5149 1373 5202 sancte
1397 5139 1520 5203 Sabine
1544 5160 1584 5201 ss

456 5227 477 5304 †
499 5226 574 5309 Ego
597 5227 697 5309 Hugo
721 5240 834 5292 sancte
849 5231 1000 5291 Romane
1024 5227 1160 5290 ecclesie
1183 5229 1344 5309 presbiter
1367 5230 1539 5292 cardinalis
1562 5230 1610 5291 tit.
1630 5228 1734 5291 sancti
1750 5227 1914 5292 Laurentii

669 5317 702 5379 in
725 5317 851 5381 Lucina
873 5339 914 5381 ss.

455 5404 476 5482 t
499 5405 572 5486 Ego
597 5405 706 5469 Guido
730 5408 892 5490 presbiter
915 5405 1087 5470 cardinalis
1110 5406 1158 5468 tit.
1181 5407 1324 5470 Pastoris
1347 5429 1388 5471 ss.

244 5532 496 5543 unu—m..—
503 5538 668 5546 *μη-

403 5600 428 5651 al
453 5597 530 5662 Vergl.
555 5600 617 5647 Arta
635 5599 669 5648 Il
684 5608 711 5663 p.
733 5602 786 5651 258
810 5602 840 5650 ab
974 5603 1001 5669 b)
1019 5600 1207 5653 Theodeumus
1226 5640 1252 5645 -.
1275 5606 1334 5669 4,1)
1358 5601 1434 5668 Vergl.
1461 5603 1499 5652 die
1529 5600 1589 5652 Urk.
1614 5618 1668 5652 vom
1695 5605 1726 5653 15
1747 5601 1817 5669 Jmaet
1841 5601 1914 5652 1139.

246 5671 272 5734 2)
295 5666 455 5730 Crescimbr'm‘,
475 5669 561 5719 Istoria
579 5671 643 5720 della
660 5668 737 5722 clrr'csa
760 5673 788 5721 di
804 5673 830 5722 S.
854 5674 976 5725 Giovanni
990 5672 1077 5724 avanti
1093 5671 1167 5722 Porta
1185 5672 1283 5736 latina,
1303 5675 1379 5722 1716.
