3982 6194
151 252 175 313 4

153 432 348 506 patrumque
371 424 563 488 traditiones
593 422 752 486 almorum
773 422 816 505 a).
862 420 1026 506 Optamus
1057 424 1263 486 sanctitatem
1288 430 1429 484 vestram
1461 421 1492 483 in
1517 419 1647 485 Christo
1679 441 1763 483 nunc
1795 428 1829 481 et

153 532 285 594 semper
309 513 394 577 bene
417 513 535 576 valere.

310 628 435 692 Abschrist
449 643 504 676 vom
523 629 555 678 10
575 626 676 693 Jahrb,
696 627 809 677 Kanones
827 627 868 675 des
885 643 962 692 rogen.
977 629 1064 693 Rotger
1080 643 1127 676 von
1144 627 1214 676 Trier
1222 627 1272 692 sol.
1287 626 1328 685 79,
1347 624 1373 673 in
1391 625 1435 674 der
1449 624 1581 674 Bibliotkek
1599 641 1628 674 au
1653 626 1829 691 Wolsenbiiiiel.

920 912 987 986 Nr.
1018 916 1053 986 4.

154 1063 306 1126 Benedict
320 1062 385 1126 III
407 1062 546 1126 schreibt
567 1084 610 1126 an
626 1063 773 1143 Bisclros
791 1060 1065 1216 SalomonIdvon
1082 1060 1250 1126 Konstanz
1275 1061 1357 1125 iiber
1381 1062 1435 1126 die
1456 1062 1558 1125 Busse
1581 1063 1668 1125 eines
1685 1062 1831 1126 Bruder·

915 1172 985 1214 mor
1007 1172 1067 1216 ers.

898 1288 1083 1348 &ss-858.

242 1420 448 1495 Benedictus,
465 1439 576 1482 servus
587 1439 753 1483 servorum
765 1421 828 1496 dei,
845 1420 1106 1484 reverentissimo
1116 1441 1153 1482 ac
1165 1420 1371 1483 sanctissimo
1380 1417 1560 1493 Salomoni,
1571 1421 1830 1484 Constantiensis

155 1509 312 1571 ecclesiae
336 1510 496 1592 episcopo
516 1510 552 1586 ¹).
601 1508 753 1572 Caritatis
777 1519 852 1573 tuae
875 1509 1110 1572 fraternitatem
1135 1508 1278 1571 almificis
1300 1516 1488 1571 sanctorum
1514 1518 1641 1591 patrum
1666 1511 1830 1572 cernimus

156 1597 280 1678 regulis,
305 1606 339 1660 ut
362 1598 524 1662 condecet
542 1596 573 1679 b)
597 1598 740 1673 obedire,
764 1601 918 1680 quociens
942 1607 1072 1662 nostrae
1095 1598 1279 1679 apostolice
1302 1598 1381 1671 sedi,
1404 1618 1469 1680 que
1492 1607 1593 1681 caput
1616 1607 1649 1660 et
1673 1601 1830 1681 magistra

156 1689 300 1749 omnium
325 1685 535 1750 ecclesiarum
560 1689 613 1750 dei
637 1689 791 1763 consistit,
814 1688 867 1752 illa
890 1696 1075 1751 reverenter
1089 1687 1211 1769 dirigis,
1234 1687 1277 1750 de
1292 1686 1410 1767 quibus
1425 1689 1568 1769 graviter
1587 1687 1686 1770 lapsis
1701 1688 1830 1768 absque

156 1776 223 1838 eius
247 1775 380 1838 oraculo
404 1796 469 1838 non
493 1779 652 1858 presumis
675 1777 858 1840 subvenire.
905 1777 990 1839 Huic
1014 1779 1111 1858 igitur
1133 1779 1202 1839 viro
1227 1775 1271 1839 ill.
1291 1774 1320 1857 c)
1344 1796 1474 1850 nomen,
1499 1777 1554 1857 qui
1577 1777 1709 1841 fratrem
1733 1798 1830 1841 suum

154 1865 282 1940 occidit,
305 1864 434 1928 salubre
458 1867 680 1946 poenitentiae
703 1866 858 1930 collirium
879 1866 910 1944 d)
934 1866 1064 1929 inferius
1088 1873 1279 1928 annotatum
1297 1867 1525 1946 imposuimus,
1549 1885 1616 1946 quo
1633 1868 1702 1929 eius
1718 1868 1831 1930 cordis

157 1952 241 2017 oculi
263 1954 438 2017 lucidiores
461 1957 613 2029 existant,
644 1964 677 2018 et
700 1958 790 2038 regni
814 1958 945 2039 superni
970 1957 1081 2038 potius
1105 1957 1230 2037 premia
1254 1963 1475 2034 consequatur
1497 1964 1597 2035 atque
1627 1957 1831 2038 poenitendo

156 2063 285 2106 amaros
302 2043 417 2106 inferni
434 2046 593 2107 cruciatus
610 2045 749 2107 evadere
765 2048 878 2127 possit.
918 2045 1071 2108 iubemus
1088 2046 1213 2127 quippe
1229 2051 1262 2106 et
1277 2052 1464 2106 sanctorum
1482 2053 1611 2126 patrum
1628 2046 1832 2109 institutione

157 2132 230 2195 freti
252 2133 445 2195 iudicamus:
485 2135 591 2216 ipsum
616 2134 812 2198 fratricidam
837 2156 902 2196 uno
927 2155 1011 2197 anno
1035 2134 1119 2196 inter
1140 2134 1311 2196 audientes
1336 2135 1405 2195 sine
1437 2153 1576 2215 corpore
1608 2142 1642 2196 et
1671 2136 1832 2218 sanguine

156 2223 281 2285 domini
305 2224 336 2284 in
360 2222 506 2285 ecclesiis
529 2243 632 2297 orare,
656 2225 716 2286 nisi
740 2224 824 2287 sorte
847 2223 980 2287 ultimus
1002 2223 1087 2285 vitae
1115 2222 1197 2285 illius
1220 2222 1344 2285 venerit
1367 2222 1447 2297 dies,
1479 2243 1545 2304 quo
1579 2223 1607 2285 ei
1640 2227 1831 2287 communio

157 2313 307 2392 neganda
329 2332 395 2374 non
419 2320 477 2374 est.
521 2313 598 2393 lpso
622 2333 707 2374 anno
731 2321 764 2374 et
787 2322 942 2393 quattuor
964 2313 1033 2375 aliis
1049 2332 1068 2373 a
1084 2331 1180 2374 carne
1197 2319 1230 2374 et
1244 2312 1320 2374 vino
1337 2319 1371 2373 et
1387 2313 1476 2375 omni
1494 2320 1591 2375 cocto
1608 2313 1830 2396 pulmentario

156 2421 193 2464 se
215 2400 392 2475 abstineat,
415 2402 562 2483 exceptis
585 2401 676 2464 sestis
699 2401 817 2465 diebus
839 2410 938 2483 atque
962 2400 1146 2475 dominicis,
1175 2408 1208 2462 et
1231 2421 1249 2463 a
1273 2398 1395 2482 pascha
1419 2420 1522 2480 usque
1545 2402 1588 2464 ad
1613 2410 1831 2484 pentecosten

158 2499 191 2552 et
224 2489 392 2552 nativitate
426 2490 550 2552 domini
586 2499 685 2571 atque
719 2491 876 2554 nataliciis
909 2490 1145 2574 apostolorum.
1201 2487 1287 2552 Aliis
1320 2510 1399 2553 vero
1434 2490 1564 2553 duobus
1598 2493 1689 2554 annis
1725 2492 1830 2555 tribus

156 2586 283 2642 tantum
306 2579 431 2653 diebus,
461 2579 493 2641 id
518 2589 568 2642 est
589 2581 742 2654 secunda,
765 2595 816 2644 1111
840 2588 873 2643 et
897 2595 933 2644 VI
958 2580 1035 2643 seria
1058 2580 1253 2663 supradictis
1284 2579 1362 2642 cibis
1386 2580 1514 2642 ieiunet.
1561 2577 1666 2643 Huius
1689 2601 1832 2664 namque

157 2667 355 2750 penitentiae
391 2669 527 2730 modum
561 2668 602 2731 illi
636 2669 765 2751 prefato
800 2672 879 2744 viro,
913 2671 969 2750 qui
1004 2670 1045 2732 ad
1078 2677 1267 2731 sanctorum
1299 2669 1526 2750 apostolorum
1557 2669 1642 2731 Petri
1673 2691 1712 2732 ac
1740 2671 1831 2733 Pauli

157 2757 268 2821 limina
298 2758 503 2839 properavit,
534 2758 785 2822 misericorditer
816 2760 986 2840 imponere
1017 2758 1230 2821 decrevimus,
1276 2755 1426 2819 Uxorem
1458 2778 1536 2821 vero
1567 2778 1660 2821 suam
1694 2759 1832 2840 recipiat

157 2848 322 2925 armisque
344 2849 503 2928 asumptis
526 2847 666 2922 incedat,
690 2848 889 2931 propriaque
918 2849 947 2910 ei
976 2847 1072 2910 liceat
1095 2847 1265 2929 possidere
1289 2847 1387 2920 bona,
1415 2847 1533 2929 quibus
1557 2846 1732 2912 elemosine
1756 2848 1833 2912 sub-

157 2936 239 2998 sidia
260 2936 479 3018 indigentibus
502 2935 656 2999 iratribus
678 2937 840 3019 largiatur.
886 2936 977 3000 Deus
1000 2945 1033 2999 te
1057 2936 1221 2999 custodiat
1244 2937 1454 2999 dilectissime
1476 2936 1530 2999 lili.

316 3049 441 3118 Abschrifl
456 3066 511 3100 vom
532 3053 564 3100 10
586 3051 686 3118 Jahrb,
704 3051 818 3102 Kanones
836 3052 876 3101 des
892 3068 969 3118 sogen.
983 3054 1072 3117 Rotger
1087 3067 1136 3100 von
1152 3052 1177 3100 Τ
1173 3051 1223 3100 rier
1232 3053 1284 3117 sol·
1297 3053 1340 3111 80,
1359 3050 1385 3099 in
1404 3051 1589 3101 dcrssnli‘orhek
1602 3069 1632 3100 au
1658 3050 1831 3118 Wolfenbiittel.

929 3363 995 3439 Nr.
1025 3367 1058 3439 5.

189 3509 217 3560 tt
232 3494 366 3569 Johann
382 3494 480 3559 XIII
499 3495 650 3579 bestdtrgt
669 3496 743 3559 dem
762 3494 887 3576 Grasen
906 3495 1108 3577 Gottfriedl
1126 3517 1187 3558 von
1201 3495 1304 3579 Anjou
1327 3494 1382 3557 die
1409 3493 1592 3577 Gnindung
1614 3494 1687 3558 und
1707 3495 1832 3560 Besits-

156 3583 284 3647 thimer
297 3584 354 3648 des
372 3583 516 3648 Klosters
536 3584 1099 3739 Beaulieu·lez·le·Manq,icqrtqfniiquets
1114 3583 1261 3668 Jiihrliclr
1276 3584 1366 3664 fiins
1375 3581 1483 3647 Solidi
1503 3583 1584 3647 nacla
1602 3584 1685 3648 Rom
1710 3605 1751 3648 zu
1766 3594 1833 3648 ent-

850 3811 918 3872 967
938 3808 1071 3892 August
1083 3812 1136 3872 12.

314 3944 647 4025 Ioannesepiscopus,
664 3963 775 4006 servus
791 3963 960 4007 servorum
976 3943 1038 4017 dei,
1055 3942 1176 4006 dilecto
1186 3941 1252 4005 filio
1263 3941 1412 4006 Goiirido
1432 3940 1472 4024 e),
1488 3938 1593 4004 Grisia
1613 3941 1642 4020 f)
1653 3941 1834 4024 Gonella2)

156 4034 397 4115 cognominato,
421 4032 625 4096 nobilissimo
650 4032 907 4115 Andegavorum
930 4033 1050 4107 comiti,
1079 4032 1217 4095 salutem
1249 4039 1282 4094 et
1304 4030 1523 4113 apostolicam
1552 4030 1832 4096 benedictionem.

157 4119 326 4203 Quotiens,
350 4125 405 4203 qui
429 4120 485 4184 filii
509 4130 585 4183 sunt
608 4121 764 4185 ecclesiae
782 4122 821 4198 ε),
845 4124 1064 4204 omnipotenti
1089 4123 1153 4184 deo
1183 4121 1290 4203 aliqua
1321 4120 1478 4194 offerunt,
1508 4138 1572 4181 non
1603 4119 1727 4183 debent
1758 4141 1834 4185 esse

157 4210 231 4274 elati
257 4213 349 4293 quasi
377 4212 420 4274 de
451 4230 592 4285 munere,
619 4212 678 4274 sed
710 4213 853 4293 gaudere
876 4232 919 4275 ex
948 4210 1025 4274 fidei
1050 4209 1287 4273 redundatione
1304 4208 1348 4287 1));
1381 4209 1523 4271 reddunt
1544 4208 1666 4291 quippe
1690 4212 1833 4275 creatori

156 4321 217 4364 suo
246 4310 374 4382 partem
397 4319 512 4374 rerum,
544 4319 625 4380 quas
656 4300 698 4363 ab
731 4321 771 4364 eo
795 4309 1002 4384 acceperunt,
1034 4308 1069 4362 ut
1093 4301 1134 4361 de
1165 4299 1229 4361 suis
1261 4319 1337 4361 eum
1359 4298 1457 4361 rebus
1488 4297 1550 4360 sibi
1577 4297 1697 4362 faciant
1720 4298 1833 4383 largis·

156 4393 274 4452 simum
297 4389 501 4463 debitorem;
532 4389 574 4452 ab
606 4391 679 4472 ipso
707 4393 793 4453 enim
825 4410 940 4452 omnes
974 4387 1134 4452 habemus
1167 4408 1252 4462 esse,
1283 4390 1408 4462 vivere,
1441 4386 1553 4450 habita
1584 4388 1755 4469 possidere
1790 4398 1833 4463 et,

156 4480 246 4562 quod
283 4480 385 4541 maius
419 4487 478 4552 est,
513 4481 559 4541 uti
589 4480 721 4542 ratione.
768 4477 867 4561 Quod
901 4488 951 4553 tu,
982 4478 1189 4541 dilectissime
1221 4477 1282 4551 fili,
1318 4492 1382 4538 non
1412 4477 1574 4558 ignorans
1607 4477 1666 4539 sed
1691 4476 1834 4541 fideliter

156 4588 348 4650 agnoscens,
377 4568 528 4630 studuisti
551 4569 594 4630 de
618 4571 760 4651 propriis
790 4568 887 4631 rebus
911 4569 1084 4631 ecclesiam
1108 4588 1169 4650 pro
1201 4567 1429 4648 redemptione
1453 4565 1579 4628 animae
1610 4574 1685 4628 tuae
1713 4586 1833 4648 paren·

156 4667 293 4740 tumque
317 4667 447 4720 tuorum
479 4657 567 4739 apud
591 4666 742 4732 castrum,
766 4659 856 4740 quod
881 4659 986 4721 Locas
1010 4659 1137 4731 dicitur,
1161 4656 1202 4718 ad
1227 4654 1387 4719 honorem
1410 4655 1464 4717 dei
1489 4663 1522 4717 et
1544 4664 1676 4717 sanctae
1699 4655 1834 4737 virginis

157 4745 290 4821 Mariae,
325 4747 488 4828 genitricis
521 4747 574 4810 dei
593 4747 620 4823 θ)
654 4755 687 4810 et
723 4747 845 4810 domini
880 4749 982 4809 nostri
1016 4748 1086 4810 lesu
1121 4744 1256 4819 Christi,
1291 4754 1495 4818 construere,
1529 4752 1656 4806 tantum
1690 4738 1734 4806 de
1769 4746 1834 4808 tuis

157 4836 314 4899 reditibus
338 4836 382 4899 illi
405 4836 584 4911 conferens,
617 4838 706 4918 quod
731 4836 809 4899 licet
830 4837 976 4899 decimas
1000 4855 1106 4916 neque
1129 4834 1338 4916 sepulturam,
1370 4854 1430 4897 nec
1453 4841 1575 4907 cetera,
1607 4852 1692 4912 quae
1715 4834 1758 4896 ad
1783 4834 1835 4898 ius

157 4925 348 5008 parrochiae
367 4924 396 5002 i)
428 4928 600 5007 pertinent,
632 4947 696 4988 non
721 4925 866 4998 haberet,
897 4933 1017 5000 tamen,
1049 4925 1130 4987 iuter
1152 4924 1272 4986 vicinas
1296 4922 1448 4986 ecclesias
1480 4931 1548 4984 tam
1580 4920 1707 4985 honore
1729 4942 1835 5003 quam

156 5016 278 5078 divitiis
308 5013 455 5097 polleret.
517 5014 667 5078 Eandem
694 5015 724 5094 k)
765 5015 905 5096 denique
941 5015 1114 5077 ecclesiam
1149 5012 1249 5075 beato
1284 5013 1422 5095 principi
1456 5010 1685 5093 apostolorum
1723 5009 1836 5089 Petro,

156 5113 271 5167 sancto
287 5105 403 5186 spiritu
420 5104 605 5186 inspirante,
629 5104 784 5178 obtulisti,
808 5125 847 5168 ea
863 5103 1014 5166 videlicet
1037 5103 1308 5176 consideratione,
1332 5102 1481 5181 quatinus
1504 5109 1637 5164 sanctae
1659 5101 1837 5167 Romanae

156 5193 315 5257 ecclesiae
338 5196 385 5257 sic
409 5191 585 5257 adhaereat
609 5203 652 5268 ut,
686 5203 817 5277 praeter
838 5193 1024 5256 Romanum
1053 5190 1243 5274 pontificem
1275 5190 1379 5253 nullus
1410 5189 1674 5272 archiepiscopus
1700 5191 1837 5269 audeat,

314 5390 339 5449 a)
358 5387 479 5437 almarum
568 5388 596 5452 b)
616 5387 739 5438 concedet
847 5390 871 5451 c)
890 5404 915 5435 so
932 5391 992 5436 stoli
1009 5387 1048 5436 des
1066 5385 1182 5446 Namens,
1201 5385 1258 5434 cod.
1350 5385 1377 5451 d)
1396 5385 1419 5433 d.
1439 5387 1455 5434 i.
1474 5384 1618 5449 collyrium:
1643 5386 1837 5451 Augenbalsan.

156 5459 181 5522 e)
200 5458 309 5508 Goirido
328 5459 453 5508 Housseau
559 5459 580 5522 l)
600 5459 674 5509 Grisa
692 5459 726 5508 H.
768 5464 775 5477 ¹
824 5461 852 5524 g)
871 5459 975 5522 Quoties
994 5457 1037 5507 lilii
1056 5464 1157 5507 sanctae
1177 5456 1300 5507 ecclesiae
1318 5455 1352 5504 H.
1448 5457 1475 5520 h)
1495 5472 1525 5505 ex
1548 5455 1618 5505 fideli
1635 5457 1780 5508 redditione
1799 5460 1837 5510 ll.

155 5531 174 5593 i)
192 5531 327 5595 parochiae
345 5530 378 5579 H.
496 5531 523 5597 k)
543 5531 659 5583 eamdem
677 5531 712 5579 H.
732 5570 784 5577 ,-
804 5535 840 5593 .ι)
859 5530 1012 5590 SalonmrI,
1038 5529 1143 5595 Bisciey'
1161 5545 1209 5578 von
1233 5529 1363 5586 Korntam,
1388 5529 1536 5578 839—871.
1648 5528 1677 5594 2)
1704 5529 1839 5596 Gotq'ra'ed,

151 5610 263 5668 genennt
283 5603 452 5669 Grisegonelle,
479 5604 629 5652 sss-⁹87.
739 5605 766 5666 3)
789 5603 853 5651 Odcr
875 5603 991 5650 Beardim
1010 5599 1067 5665 pris
1091 5601 1190 5659 Laches,
1217 5601 1301 5664 wciflir
1317 5600 1361 5647 der
1377 5599 1457 5649 hinien
1480 5599 1603 5650 enodhnie
1619 5600 1769 5668 Enbischof
1786 5618 1839 5656 von

159 5673 184 5726 T
179 5690 238 5725 ours
254 5675 353 5742 sprdche
370 5677 456 5740 (vergl.
476 5675 540 5724 ancli
557 5674 710 5741 Nnchwort),
730 5674 788 5724 doch
806 5690 862 5723 war
879 5675 938 5723 diere
956 5667 1047 5724 Kircie
1063 5675 1107 5723 der
1130 5673 1236 5721 Trinitdt
1249 5671 1354 5737 gavriki.
