3982 6194
154 266 243 336 ¹54'

154 456 192 507 IN
215 455 292 505 ΡΡΜ.
314 478 357 488 -
381 439 475 504 Sicut
495 459 615 520 equum
641 447 691 502 est
718 450 751 502 et
773 438 883 503 officio
915 440 1068 521 religioso
1092 438 1296 512 conveniens,
1319 457 1377 512 ea,
1409 455 1473 522 que
1503 437 1535 498 in
1566 434 1823 498 controversiam

153 533 365 603 deducuntur,
382 531 504 593 iudicio
520 528 571 592 vel
588 530 763 592 concordia
779 531 963 603 terminare,
979 531 1022 591 ita
1037 529 1201 611 siquidem
1218 527 1438 590 consideratio
1455 523 1644 607 expostulat
1660 526 1824 606 equitatis

154 629 198 696 ut,
222 641 294 683 cum
318 618 555 683 rationabiliter
579 618 696 680 fuerint
718 620 899 693 terminata,
922 620 964 680 ad
993 621 1185 681 memoriam
1210 637 1322 680 eorum
1346 614 1533 678 habendam
1554 615 1720 696 scripture
1743 613 1823 675 serie

155 711 352 786 muniantur,
391 716 550 787 quatenus
587 709 620 770 in
660 707 782 789 scripto
814 708 954 770 inveniat
982 716 1133 770 secutura
1163 708 1354 789 posteritas,
1393 704 1470 784 quid
1502 703 1670 786 perpetuis
1701 701 1824 765 debeat

153 799 358 881 temporibus
391 797 576 858 observare.
623 796 818 877 Eapropter,
850 796 960 859 dilecti
992 799 1023 858 in
1055 797 1189 859 domino
1220 794 1288 870 filii,
1320 792 1459 873 qualiter
1489 791 1730 865 controversia,
1760 810 1822 873 que

155 907 252 968 supra
283 888 407 968 integra
430 884 506 947 villa
535 885 577 946 de
602 884 774 947 Montione
793 884 816 969 ¹)
847 905 919 947 cum
945 894 1035 947 curte
1059 905 1117 947 sua
1140 887 1224 947 inter
1246 902 1305 946 vos
1329 891 1361 944 et
1385 880 1567 944 monachos
1589 888 1704 966 sancte
1728 878 1822 941 Flore

155 975 357 1049 vertebatur,
394 976 426 1036 in
460 975 625 1056 presentia
658 973 850 1036 dilectorum
884 973 1025 1036 filiorum
1063 983 1248 1037 nostrorum
1280 971 1409 1044 Cencii,
1446 971 1631 1033 Portuensis
1664 970 1821 1052 episcopi,

155 1063 306 1137 Rolandi‚
339 1061 511 1145 presbiteri
543 1071 576 1124 et
607 1062 797 1137 cancellarii,
829 1071 862 1125 et
885 1063 1055 1136 Oddonis,
1087 1063 1217 1125 diaconi
1249 1059 1476 1133 cardinalium,
1506 1059 1735 1122 assistentibus
1764 1056 1821 1119 illis

156 1154 316 1234 Gregorio
347 1153 388 1213 de
418 1151 613 1226 Primicerio,
643 1149 798 1214 Aichario
831 1160 863 1214 et
895 1150 1055 1232 Gregorio
1087 1151 1217 1215 Corano
1250 1148 1420 1221 iudicibus,
1450 1169 1493 1211 ex
1523 1148 1679 1210 mandato
1711 1155 1820 1209 nostro

156 1242 252 1304 fuerit
274 1240 427 1303 ventilata
455 1249 488 1303 et
519 1242 550 1301 in
581 1248 692 1302 nostra
723 1240 885 1321 presentia
917 1242 1031 1303 ordine
1064 1241 1233 1303 iudiciario
1264 1239 1444 1312 terminata,
1474 1237 1680 1319 presentibus
1711 1236 1821 1297 litteris

156 1333 360 1414 precepimus
383 1331 539 1391 annotari.
586 1329 694 1391 Primo
718 1329 878 1409 siquidem
903 1350 977 1410 pars
1002 1329 1186 1392 monasterii
1210 1336 1322 1390 sancte
1345 1327 1443 1389 Flore
1465 1324 1666 1388 affirmabat:
1700 1324 1818 1386 nullam

156 1439 226 1482 esse
250 1420 480 1491 venditionem,
512 1419 587 1496 quia
617 1417 835 1480 sollemnitate
866 1418 942 1480 iuris
965 1419 1106 1480 subnixa
1129 1439 1192 1480 non
1212 1413 1297 1489 erat,
1330 1424 1362 1478 et
1386 1416 1461 1478 ideo
1489 1417 1535 1478 rei
1557 1415 1818 1477 vendicationem

156 1508 360 1580 intendebat;
384 1506 529 1569 secundo
552 1507 727 1581 asserebat,
761 1508 850 1588 quod
881 1507 956 1569 villa
987 1508 1028 1570 de
1052 1508 1223 1570 Montione
1254 1507 1295 1567 ad
1328 1503 1558 1567 monasterium
1587 1510 1704 1566 sancte
1727 1501 1818 1564 Flore

157 1616 199 1658 ex
222 1595 380 1677 imperiali
410 1595 512 1657 domo
544 1604 764 1677 processerat;
795 1596 890 1658 tertio
914 1616 1001 1670 vero,
1032 1598 1121 1675 quod
1154 1597 1402 1657 instrumentum
1425 1594 1624 1656 venditionis
1655 1612 1724 1654 non
1748 1611 1819 1653 con·

156 1705 251 1748 sensu
283 1684 412 1746 maioris
443 1685 544 1764 partis
575 1683 807 1747 monachorum
839 1684 944 1748 fuerat
974 1685 1180 1759 roboratum;
1210 1692 1361 1766 preterea
1397 1691 1514 1762 quarto
1544 1682 1620 1744 loco
1652 1680 1819 1764 ponebant

156 1773 264 1836 villam
289 1775 393 1854 ipsam
418 1772 499 1834 ultra
523 1772 657 1854 duplum
682 1774 785 1854 pretii,
809 1775 897 1853 quod
922 1773 1073 1837 monachi
1097 1781 1208 1856 sancte
1231 1773 1329 1835 Flore
1352 1772 1430 1834 inde
1453 1778 1657 1853 acceperant,
1675 1768 1818 1832 valuisse.

158 1862 258 1924 Porro
281 1862 323 1923 ad
347 1860 627 1924 confirmationem
652 1864 756 1944 prime
779 1864 967 1926 assertionis
990 1864 1142 1926 advocati
1166 1861 1352 1925 monasterii
1376 1869 1486 1946 sancte
1501 1859 1599 1923 Flore
1619 1857 1820 1922 conabantur

158 1951 346 2024 ostendere,
379 1950 468 2030 quod
499 1970 550 2012 res
582 1949 719 2013 mobiles
751 1961 859 2015 essent
889 1953 919 2014 in
952 1952 1149 2015 monasterio
1179 1959 1212 2014 et
1241 1951 1301 2013 alie
1332 1970 1383 2013 res
1416 1950 1604 2023 mediocres,
1637 1947 1819 2011 immobiles

157 2039 315 2114 videlicet,
339 2058 402 2123 que
426 2048 561 2121 propter
585 2059 702 2120 urgens
726 2040 872 2103 debiturn
897 2050 1033 2123 possent
1055 2044 1126 2104 sine
1150 2042 1266 2103 minori
1299 2040 1473 2122 dispendio
1504 2039 1601 2120 ipsius
1632 2038 1818 2099 monasterii

156 2129 252 2190 vendi
276 2136 308 2191 et
331 2129 414 2190 iuste
438 2127 576 2191 alienari.
622 2130 683 2191 Per
705 2132 901 2193 contrarium
926 2139 1035 2193 autem
1059 2151 1135 2213 pars
1158 2131 1276 2211 prioris
1299 2137 1333 2192 et
1362 2128 1497 2191 fratrum
1522 2125 1818 2191 Camaldulensium

157 2226 272 2280 contra
295 2217 433 2298 primum
458 2217 633 2299 capitulum
659 2219 754 2280 certis
776 2219 955 2281 rationibus
978 2219 1215 2302 respondebat:
1249 2218 1337 2298 quod
1362 2218 1509 2280 venditio
1539 2216 1594 2278 illa
1624 2214 1820 2278 sufficienter

157 2308 350 2368 auctoritate
372 2305 447 2368 iuris
477 2315 564 2369 esset
587 2307 717 2377 munita,
749 2316 782 2370 et
814 2309 903 2387 quod
935 2328 987 2371 res
1018 2309 1157 2371 mobiles
1188 2316 1264 2370 tunc
1294 2328 1359 2370 non
1391 2306 1524 2369 fuissent
1556 2307 1589 2368 in
1622 2305 1820 2367 monasterio

156 2406 268 2477 sancte
284 2394 389 2469 Flore,
413 2415 477 2480 que
492 2397 533 2457 ad
548 2404 674 2458 tantum
699 2393 834 2481 <b>onus
857 2397 961 2459 debiti
978 2398 1028 2460 vel
1045 2398 1086 2460 ad
1103 2399 1260 2460 maiorem
1281 2405 1408 2478 partem
1425 2394 1671 2459 exonerandam
1687 2400 1820 2476 possent

156 2483 315 2546 sufficere.
361 2482 426 2545 Res
449 2503 582 2563 quoque
603 2485 786 2548 immobiles
809 2506 872 2548 non
895 2484 1063 2549 habebant
1092 2485 1241 2549 monachi
1272 2486 1412 2568 predicti
1446 2483 1641 2557 monasterii,
1673 2501 1756 2562 quas
1778 2484 1821 2544 ita

157 2574 385 2635 convenienter
407 2572 449 2634 ad
476 2572 669 2636 solvendum
701 2574 850 2637 debitum
881 2584 1017 2657 possent
1046 2575 1234 2638 distrahere.
1281 2572 1435 2648 AddenS,
1467 2573 1556 2655 quod
1588 2573 1725 2634 nimium
1749 2568 1820 2653 esit)

156 2662 307 2736 alienum,
325 2661 461 2742 urgebat
476 2661 562 2724 idem
575 2663 757 2739 cenobium,
774 2672 807 2726 et
821 2664 911 2744 quod
928 2665 958 2727 in
971 2665 1143 2727 utilitatem
1160 2666 1261 2747 ipsius
1276 2665 1424 2746 pecunia,
1441 2681 1538 2742 quam
1555 2660 1820 2725 camaldulenses

158 2750 272 2814 fratres
301 2749 473 2824 solverant,
505 2753 547 2813 sit
578 2771 743 2814 conversa.
791 2752 847 2815 Ad
875 2754 966 2833 quod
989 2773 1066 2816 sane
1090 2753 1296 2836 probandum
1320 2753 1566 2814 instrumentum
1597 2750 1767 2833 publicum
1790 2757 1821 2813 et

157 2841 358 2902 munimenta
381 2839 520 2920 plurima
543 2840 761 2921 protulerunt,
795 2842 913 2923 quibus
945 2850 1015 2905 erat
1045 2842 1126 2905 fides
1154 2842 1342 2905 omnimoda
1372 2840 1576 2912 adhibenda,
1607 2847 1641 2903 et
1663 2841 1712 2902 sic
1734 2859 1821 2902 com·

157 2927 308 3009 prehensi
331 2936 405 2989 sunt
427 2929 576 2991 advocati
599 2938 709 3012 sancte
725 2929 833 3005 Flore,
856 2951 921 2993 non
941 2951 1053 2993 verum
1069 2933 1101 2993 in
1118 2934 1224 3013 primo
1241 2929 1392 3013 capitu10,
1410 2929 1473 2992 'sed
1490 2930 1599 3012 potius
1616 2928 1821 2991 mendacium

157 3019 318 3079 astruisse.
363 3015 514 3079 Profecto
537 3017 688 3080 advocati
712 3020 932 3100 predictorum
950 3018 1248 3083 camaldulensium
1271 3021 1404 3083 fratrum
1428 3018 1607 3081 secundum
1633 3026 1667 3081 et
1691 3020 1822 3081 tertium

157 3105 335 3188 capitulum
360 3106 608 3168 evidentissimis
639 3107 817 3170 rationibus
847 3108 1066 3183 destruebant,
1098 3111 1310 3173 donationem
1342 3109 1429 3171 illam
1460 3109 1503 3171 de
1529 3107 1689 3189 imperiali
1721 3109 1823 3172 domo

157 3194 353 3277 processisse
376 3203 540 3275 negantes,
564 3195 745 3259 monachos
769 3199 867 3260 etiam
891 3207 1002 3280 sancte
1018 3197 1115 3261 Flore
1138 3219 1197 3281 per
1212 3199 1469 3280 subscriptiones
1489 3216 1603 3259 eorum
1619 3200 1823 3260 consensisse

158 3282 351 3366 probabant.
403 3283 482 3346 Erat
523 3286 608 3346 enim
647 3285 894 3349 instrumentum
935 3290 1040 3369 ipsum
1082 3290 1195 3350 maiori
1228 3297 1320 3368 parte
1359 3288 1491 3349 fratrum
1526 3286 1824 3369 subscriptionibus

158 3371 359 3435 roboratum.
404 3372 440 3434 In
472 3374 618 3435 secundo
642 3394 719 3436 vero
752 3384 785 3437 et
815 3378 912 3439 tertio
945 3385 978 3438 et
1008 3385 1124 3456 quarto
1155 3375 1297 3458 capitulo
1330 3377 1449 3458 reperti
1482 3382 1556 3436 sunt
1588 3374 1642 3450 illi,
1674 3376 1730 3456 qui
1763 3395 1823 3457 pro

159 3463 356 3524 monasterio
379 3468 490 3544 sancte
514 3461 611 3524 Flore
634 3464 884 3539 contendebant,
908 3467 1037 3548 penitus
1066 3466 1097 3527 in
1120 3464 1367 3548 probationibus
1396 3464 1556 3527 defecisse
1586 3472 1621 3526 et
1651 3473 1721 3527 tam
1754 3483 1824 3546 pre·

159 3552 316 3612 nominati
348 3549 535 3624 cardinales
567 3570 664 3630 quam
688 3552 823 3628 iudiceS,
855 3556 910 3635 qui
933 3575 952 3616 a
976 3555 1072 3617 nobis
1104 3555 1145 3616 ad
1177 3554 1372 3618 audiendam
1405 3573 1535 3616 causam
1566 3553 1710 3635 delegati
1741 3561 1824 3627 sunt,

158 3647 389 3720 cognoverunt,
418 3639 631 3720 allegationes
656 3649 688 3702 et
711 3642 934 3704 attestationes
957 3644 1137 3706 eorundem
1167 3644 1402 3707 advocatorum
1434 3643 1476 3704 ad
1509 3640 1693 3705 faciendam
1723 3641 1823 3704 fidem

157 3729 354 3809 supradictis
378 3728 529 3810 capitulis
552 3729 698 3810 pondere
721 3733 870 3806 caruisse,
899 3733 1000 3794 immo
1024 3730 1287 3795 Camaldulenses
1310 3731 1542 3795 rationabiliter
1571 3734 1604 3794 in
1627 3732 1823 3794 contrarium

159 3817 325 3899 probasse.
371 3815 468 3880 Unde
492 3819 628 3899 predicti
650 3818 707 3881 filii
730 3822 841 3895 nostri,
875 3820 1055 3883 cardinales
1078 3830 1111 3883 et
1140 3823 1272 3896 iudices,
1303 3824 1358 3901 qui
1389 3822 1430 3883 ad
1465 3840 1593 3883 causam
1626 3819 1824 3882 audiendam

159 3906 284 3968 fuerant
312 3904 470 3986 delegati,
502 3907 696 3986 quibusdam
728 3909 941 3990 prudentibus
971 3908 1162 3991 legisperitis
1192 3912 1253 3974 sibi
1281 3911 1404 3982 ascitis,
1436 3911 1603 3991 utriusque
1627 3909 1727 3990 partis
1750 3907 1825 3971 alle·

157 3997 304 4076 gationes
320 3994 483 4057 subtiliter
498 3996 690 4076 indagantes
701 4007 733 4060 et
742 3997 1038 4061 camaldulensium
1055 3999 1188 4062 fratrum
1204 4001 1416 4081 allegationes
1436 4007 1673 4080 cognoscentes
1693 3999 1824 4080 penitus

158 4084 333 4166 prevalere,
350 4102 391 4145 ex
407 4084 562 4146 mandato
578 4095 689 4148 nostro
706 4089 737 4148 in
754 4097 863 4149 nostra
879 4087 1040 4168 presentia
1060 4088 1203 4169 prefatus
1220 4087 1403 4170 Gregorius,
1420 4088 1628 4169 primicerius,
1651 4085 1823 4162 archarius,

158 4174 258 4235 iudex
283 4171 452 4234 diffinitiva
473 4176 635 4237 sententia
651 4174 845 4252 Guidonem,
869 4174 1148 4239 Camaldulensem
1174 4197 1372 4257 yconomum
1388 4176 1422 4261 ²),
1440 4179 1483 4240 ab
1512 4177 1717 4259 impetitione
1744 4175 1823 4239 llde·

159 4261 285 4333 brandi,
301 4263 454 4341 yconomi
469 4271 581 4326 sancte
597 4263 701 4340 Flore,
717 4285 815 4346 super
830 4267 956 4345 integra
972 4264 1047 4327 villa
1063 4265 1106 4329 de
1122 4266 1290 4328 Montione
1306 4286 1380 4328 cum
1395 4285 1453 4327 sua
1469 4274 1558 4328 curte
1574 4264 1722 4327 absolvit.
1754 4263 1824 4328 Nos

159 4370 238 4432 ergo
254 4350 394 4412 eandem
409 4353 603 4415 sententiam
619 4355 809 4416 auctoritate
824 4355 911 4416 sedis
928 4354 1108 4435 apostolice
1124 4354 1352 4417 confirmamus
1369 4362 1402 4417 et
1420 4353 1608 4436 supradicto
1626 4353 1824 4417 lldebrando

158 4459 324 4519 yconomo
357 4447 391 4500 et
421 4440 569 4503 universo
601 4443 772 4502 conventui
802 4451 914 4505 sancte
945 4443 1043 4505 Flore
1073 4463 1171 4524 super
1202 4442 1263 4505 hac
1295 4464 1392 4507 causa
1429 4451 1624 4525 perpetuum
1661 4443 1824 4506 silentium

158 4529 375 4609 imponentes
396 4531 591 4590 sententiam
615 4531 719 4610 ipsam
743 4538 846 4593 ratam
871 4539 904 4592 et
927 4531 1148 4594 inconvulsam
1171 4534 1377 4595 decernimus
1393 4552 1594 4614 permanere.
1639 4531 1729 4597 Nulli
1746 4553 1823 4615 ergo

159 4619 292 4679 omnino
316 4616 485 4679 hominum
510 4617 612 4693 liceat,
636 4617 720 4681 hanc
750 4628 858 4681 nostre
882 4618 1137 4682 confirmationis
1160 4623 1313 4702 paginam
1343 4624 1518 4685 temerario
1541 4642 1620 4685 ausu
1650 4622 1824 4705 infringere

159 4726 216 4768 seu
240 4706 318 4787 ipsis
341 4706 449 4768 modis
472 4704 629 4784 aliquibus
653 4708 820 4770 contraire.
859 4704 894 4770 Si
918 4710 991 4791 quis
1014 4720 1122 4771 autern
1145 4708 1210 4772 hoc
1233 4720 1430 4793 attemptare
1453 4713 1699 4795 presumpserit,
1722 4711 1824 4793 indig-

160 4796 322 4858 nationem
348 4796 583 4875 omnipotentis
606 4796 658 4858 dei
685 4805 717 4858 et
741 4797 910 4860 beatorum
934 4798 1020 4861 Petri
1044 4806 1077 4859 et
1096 4798 1195 4873 Pauli,
1228 4801 1452 4882 apostolorum
1476 4803 1554 4875 eius,
1586 4799 1728 4863 incurrat
1751 4808 1825 4862 eta

158 4885 375 4947 sacratissimo
398 4902 596 4964 corporeae
620 4887 776 4966 sanguine
800 4888 852 4948 dei
876 4895 909 4948 et
932 4887 1065 4962 domini,
1089 4888 1306 4972 redemptoris
1329 4892 1431 4952 nostri
1454 4889 1527 4952 Iesu
1550 4887 1680 4964 Christi,
1702 4888 1824 4951 alienus

160 4973 232 5047 fiat,
264 4982 364 5053 atque
394 4972 424 5033 in
455 4981 604 5034 extremo
636 4973 800 5048 examine,
829 4976 887 5037 nisi
921 4984 1045 5037 reatum
1074 4996 1167 5040 suum
1199 4980 1362 5061 condigna
1385 4978 1608 5041 satisfactione
1638 4979 1824 5051 correxerit,

160 5064 306 5125 districte
338 5061 451 5123 ultioni
477 5061 653 5123 subiaceat.
700 5061 935 5125 Conservantes
969 5085 1048 5128 vero
1079 5067 1182 5147 ipsam
1216 5066 1386 5130 beatorum
1418 5068 1644 5149 apostolorum
1678 5065 1764 5130 Petri
1792 5075 1825 5130 et

159 5150 248 5214 Pauli
271 5171 308 5214 ac
332 5158 474 5212 nostram
498 5150 764 5213 benedictionem
788 5160 821 5213 et
843 5154 980 5233 gratiam
1003 5164 1250 5236 consequantur.
1274 5156 1392 5219 Amen.
1422 5155 1541 5220 Amen.
1572 5157 1693 5220 Amen.

371 5238 425 5320 (R)
448 5240 521 5320 Ego
544 5237 736 5303 Anastasius
759 5240 919 5323 catholice
943 5242 1078 5321 ecclesie
1102 5245 1276 5327 episcopus
1299 5267 1339 5309 ss.
1363 5246 1425 5326 (M)

369 5326 390 5406 †
413 5328 485 5409 Ego
509 5325 648 5391 Ymarus
670 5328 870 5393 Tusculanus
893 5333 1068 5414 episcopus
1090 5353 1132 5396 ss.

371 5412 391 5497 †
414 5417 487 5499 Ego
511 5415 649 5480 Cencius
672 5420 859 5482 Portuensis
883 5423 1059 5503 episcopus
1082 5442 1123 5486 ss.

321 5611 346 5676 Ι)
366 5582 492 5693 Murrtiom,
513 5610 627 5661 Fruciorre
645 5613 686 5661 del
700 5630 758 5663 cont.
777 5615 803 5662 di
820 5615 912 5663 Arcen.
986 5618 1011 5681 2)
1036 5618 1112 5681 l'rrgl.
1132 5619 1193 5666 Aria
1214 5617 1231 5665 I
1240 5625 1266 5681 p.
1286 5621 1345 5668 463.
