3982 6194
1788 273 1831 342 79

912 440 979 516 Nr.
1011 442 1073 514 77.

149 579 266 662 Eugen
282 577 350 645 III
368 579 487 642 nimmt
499 577 562 641 das
578 573 709 639 Klrster
722 573 892 655 Staffarda
908 573 969 654 (D.
993 570 1126 650 Territa)
1143 571 1177 634 in
1196 570 1429 654 apostolisclzen
1452 571 1570 638 Schutz
1590 574 1664 638 und
1684 575 1834 659 bestc'itigt

652 660 739 728 seim
759 663 995 728 Besr‘tztlu'imer
1016 661 1086 725 und
1111 659 1332 743 Ordensregel.

732 781 816 842 1146
830 777 1015 862 September
1026 780 1085 840 22.
1124 775 1255 841 Viterbo.

315 896 483 981 Eugenius
505 897 691 980 episcopus,
715 917 826 960 servus
849 916 1016 959 servorum
1040 895 1102 970 dei,
1127 894 1253 958 dilectis
1270 893 1342 956 filiis
1359 895 1486 972 Carolo,
1511 897 1624 960 abbati
1643 901 1829 962 monasterii

153 991 197 1053 de
219 987 385 1064 Stafarda,
417 988 551 1069 eiusque
574 986 735 1070 fratribus,
758 996 827 1049 tarn
850 986 1056 1068 presentibus
1081 1004 1179 1065 quarn
1203 983 1325 1058 futuris,
1348 985 1529 1066 regularem
1551 988 1653 1050 vitam
1676 989 1831 1069 professis

153 1094 191 1142 [N
214 1093 294 1142 ΡΡΜ.
318 1111 364 1123 -
382 1072 388 1162 Ι
409 1076 576 1158 Quoniam
606 1077 676 1139 sine
698 1096 775 1139 vere
805 1075 893 1139 cultu
916 1074 1082 1156 religionis
1112 1095 1172 1136 nec
1204 1074 1346 1136 caritatis
1369 1075 1475 1138 unitas
1504 1086 1616 1157 potest
1646 1076 1830 1154 subsistere,

153 1189 214 1232 nec
238 1168 305 1232 deo
328 1177 459 1250 gratum
490 1165 639 1229 exhiberi
668 1165 844 1241 servitium,
877 1165 1014 1247 expedit
1044 1163 1226 1249 apostolice
1251 1164 1444 1238 auctoritati,
1476 1166 1644 1248 religiosas
1673 1188 1832 1248 personas

155 1259 292 1341 diligere
325 1268 359 1320 et
388 1256 542 1338 religiosa
571 1254 660 1330 loca,
691 1255 844 1330 maxime,
877 1274 940 1341 que
966 1248 972 1338 Ι
999 1254 1088 1316 beati
1116 1253 1202 1316 Petri
1228 1252 1303 1314 iuris
1334 1253 1479 1317 existunt
1509 1266 1542 1318 et
1572 1257 1613 1318 ad
1644 1257 1831 1320 Romanam

154 1347 343 1430 specialiter
378 1354 531 1429 spectant
569 1343 756 1430 ecclesiam,
794 1344 881 1407 sedis
913 1341 1094 1427 apostolice
1124 1342 1302 1404 munimine
1338 1342 1522 1407 confovere.
1575 1346 1650 1408 Hoc
1680 1347 1831 1409 nimirum

155 1437 300 1500 caritatis
323 1437 450 1510 intuitu,
474 1433 585 1497 dilecti
610 1435 642 1496 in
665 1435 801 1497 domino
825 1433 890 1508 filii,
915 1433 958 1496 ad
981 1431 1152 1512 exemplar
1174 1430 1415 1512 predecessoris
1432 1435 1542 1510 nostri,
1566 1435 1655 1520 bone
1675 1437 1832 1523 memorie

156 1545 244 1612 pape
260 1525 453 1589 CELESTINI
470 1524 504 1601 ¹),
527 1524 643 1586 vestris
665 1524 757 1586 iustis
780 1520 1056 1605 postulationibus
1079 1521 1256 1584 clementer
1279 1522 1450 1584 annuimus
1473 1535 1506 1586 et
1529 1525 1692 1606 prefatum
1720 1546 1831 1588 mona-

157 1616 300 1691 sterium,
333 1613 424 1696 quod
457 1613 499 1676 ab
529 1613 642 1675 illustri
664 1615 735 1675 viro
759 1612 933 1676 Manfredo
958 1611 1147 1674 marchione
1170 1620 1203 1672 et
1226 1620 1329 1672 matre
1351 1631 1418 1687 sua,
1450 1633 1600 1676 necnon
1624 1625 1657 1677 et
1681 1614 1832 1679 fratribus

158 1706 189 1767 in
212 1703 409 1768 Taurinensi
433 1702 627 1784 episcopatu
651 1711 781 1765 constat
803 1722 874 1764 esse
898 1701 1078 1775 fundatum,
1112 1699 1172 1761 sub
1203 1699 1291 1762 beati
1316 1699 1401 1762 Petri
1432 1711 1464 1765 et
1492 1714 1604 1766 nostra
1625 1706 1832 1785 protectione

158 1795 355 1876 suscipimus
378 1803 412 1856 et
433 1792 594 1874 presentis
617 1792 728 1873 scripti
752 1791 923 1874 privilegio
948 1790 1196 1853 communimus.
1241 1788 1277 1850 In
1307 1789 1420 1869 primis
1452 1791 1615 1872 siquidem
1643 1803 1831 1869 statuentes,

157 1895 191 1947 ut
214 1884 301 1947 ordo
325 1883 526 1945 monasticus
548 1882 729 1945 secundum
752 1880 840 1943 beati
865 1880 1035 1943 Benedicti
1059 1879 1204 1961 regulam
1228 1886 1261 1940 et
1284 1877 1424 1941 formam
1456 1881 1620 1963 religionis
1643 1892 1676 1945 et
1699 1882 1832 1946 fratrum

159 1973 384 2036 cisterciensis
414 1971 601 2034 monasterii
633 1970 746 2033 futuris
779 1969 983 2051 temporibus
1015 1967 1247 2031 inviolabiliter
1283 1979 1499 2032 conservetur.
1549 1972 1644 2033 Boua
1675 1972 1771 2053 igitur
1801 1982 1834 2035 et

159 2063 391 2141 possessiones,
424 2080 487 2146 que
519 2059 562 2123 ad
592 2060 734 2122 eundem
764 2060 872 2122 locum
904 2060 936 2121 in
967 2059 1203 2140 presentiarum
1228 2057 1309 2119 iuste
1337 2067 1370 2120 et
1393 2060 1550 2122 canonice
1574 2061 1736 2142 pertinere
1760 2082 1833 2124 nos·

159 2163 275 2215 cuntur
299 2152 410 2214 autin
435 2150 576 2213 futurum
600 2149 813 2212 concessione
836 2147 1039 2230 pontificum,
1072 2147 1267 2209 liberalitate
1291 2166 1412 2227 regum,
1444 2149 1615 2230 largitione
1638 2151 1832 2232 principum,

160 2242 332 2304 oblatione
356 2239 501 2303 fidelium
525 2259 582 2301 seu
605 2238 676 2301 aliis
699 2238 790 2301 iustis
813 2238 929 2314 modis,
954 2246 1121 2319 prestante
1146 2237 1290 2310 domino,
1314 2238 1437 2317 poterit
1453 2239 1597 2319 adipisci,
1623 2239 1716 2302 firma
1738 2241 1834 2303 vobis

159 2331 342 2411 vestrisque
364 2328 607 2391 successoribus
638 2335 672 2390 et
702 2327 828 2390 illibata
859 2335 1082 2408 permaneant.
1128 2325 1308 2390 Statuimus
1331 2327 1438 2402 etiam,
1471 2337 1505 2391 ut
1536 2348 1596 2391 nec
1628 2330 1834 2394 marchiones

161 2441 219 2483 uec
249 2419 370 2501 aliquis
400 2417 508 2480 eidem
539 2416 613 2480 loco
645 2416 866 2480 adiacentium
897 2416 1066 2498 regionum
1097 2416 1270 2478 occasione
1301 2417 1393 2496 pacis
1421 2426 1478 2479 aut
1498 2437 1613 2499 guerre
1636 2439 1693 2481 seu
1717 2419 1834 2501 regalis

161 2510 243 2572 fodri
268 2507 453 2571 monachos
474 2507 526 2569 vel
551 2525 735 2583 conversos,
759 2507 792 2569 in
816 2507 935 2569 eodem
959 2504 1033 2568 loco
1057 2515 1306 2580 commorantes,
1331 2505 1363 2566 in
1387 2507 1536 2587 personis
1551 2507 1603 2570 vel
1623 2528 1736 2572 eorum
1760 2510 1833 2572 sub·

161 2600 288 2662 stantiis
311 2598 507 2680 opprimere,
533 2596 714 2676 inquietare
735 2595 787 2658 vel
811 2595 854 2657 ab
878 2595 924 2657 eis
948 2594 1072 2676 aliquid
1096 2595 1228 2675 exigere
1252 2604 1307 2657 aut
1330 2595 1519 2658 violentiam
1550 2596 1693 2678 aliquam
1717 2598 1834 2662 inferre
1861 2606 1863 2611 '

162 2696 338 2770 presumat.
383 2687 539 2749 Decimas
561 2705 640 2747 sane
663 2685 823 2761 laborum,
853 2704 936 2766 quos
964 2684 1105 2766 propriis
1128 2683 1278 2746 manibus
1302 2694 1359 2747 aut
1381 2685 1566 2767 sumptibus
1589 2686 1703 2763 colitis,
1736 2698 1769 2751 et
1792 2688 1833 2751 de

162 2777 358 2840 animalibus
379 2776 494 2838 vestris
517 2774 623 2837 nullus
645 2794 666 2836 a
687 2773 783 2837 vobis
806 2784 963 2855 expetere
985 2773 1037 2836 vel
1060 2773 1205 2854 recipere
1228 2773 1355 2836 audeat.
1402 2774 1627 2838 Interdicimus
1650 2787 1768 2853 autem,
1793 2799 1834 2841 ne

163 2866 343 2930 monachos
365 2864 417 2929 vel
440 2884 616 2928 conversos
638 2872 764 2927 vestros
786 2873 864 2945 post
887 2863 1008 2926 factam
1031 2863 1064 2925 in
1077 2872 1196 2925 vestro
1220 2864 1420 2926 monasterio
1450 2864 1690 2946 professionem
1718 2865 1834 2947 aliquis

163 2958 413 3039 episcoporum,
447 2952 623 3028 abbatum,
660 2953 807 3035 priorum
834 2953 887 3015 vel
917 2951 1027 3034 aliqua
1056 2971 1198 3034 persona
1218 2954 1245 3030 ί)
1277 2953 1402 3034 absque
1431 2964 1539 3016 vestra
1570 2954 1674 3018 libera
1705 2956 1835 3019 licentia

164 3047 307 3128 recipere
329 3043 382 3106 vel
405 3044 543 3107 retinere
565 3050 773 3125 pertemptet,
798 3040 857 3104 sed
879 3051 1048 3123 tamquam
1071 3060 1128 3126 sue
1151 3041 1364 3123 professionis
1384 3044 1640 3124 prevaricatores
1664 3046 1768 3109 redire
1792 3047 1835 3109 ad

163 3136 271 3198 locum
295 3133 465 3216 proprium
488 3131 736 3215 compellantur.
782 3132 996 3194 Decernimus
1020 3150 1107 3213 ergo,
1132 3141 1167 3192 ut
1189 3131 1266 3193 nulli
1284 3132 1419 3194 omnino
1443 3130 1613 3195 hominum
1636 3133 1739 3211 liceat,
1763 3157 1834 3217 pre·

163 3224 266 3288 fatum
290 3222 526 3286 monasterium
549 3232 673 3285 temere
697 3221 886 3303 perturbare
910 3230 966 3282 aut
988 3220 1057 3283 eius
1080 3221 1305 3301 possessiones
1330 3221 1454 3284 auferre
1469 3221 1521 3284 vel
1544 3222 1671 3286 ablatas
1688 3226 1833 3301 retinere,

163 3315 308 3377 minuere
338 3333 395 3375 seu
428 3309 629 3392 quibuslibet
649 3310 881 3374 vexationibus
904 3309 1050 3391 fatigare,
1080 3309 1139 3372 sed
1167 3311 1278 3372 omnia
1310 3311 1436 3392 integra
1459 3322 1691 3376 conserventur
1713 3335 1834 3391 eorum,

163 3425 221 3485 pro
247 3421 389 3485 quorum
410 3401 650 3483 gubernatione
673 3409 706 3462 et
729 3400 966 3462 sustentatione
990 3419 1146 3461 concessa
1168 3410 1251 3475 sunt,
1284 3400 1395 3463 usibus
1427 3401 1627 3464 omnimodis
1657 3403 1834 3483 profutura,

163 3493 251 3555 salva
274 3492 363 3555 sedis
386 3489 568 3575 apostolice
592 3490 786 3552 auctoritate
809 3500 842 3551 et
858 3488 1067 3551 Taurinensis
1092 3489 1240 3570 episcopi
1264 3490 1422 3551 canonica
1439 3490 1568 3552 iustitia.
1607 3490 1642 3554 Si
1660 3512 1725 3572 qua
1741 3494 1837 3575 igitur

162 3583 193 3645 iu
218 3583 362 3645 futurum
387 3579 607 3667 ecclesiastica
629 3578 822 3641 secularisve
846 3597 995 3659 persona,
1027 3576 1121 3640 huius
1144 3588 1254 3664 nostre
1278 3579 1519 3642 constitutionis
1542 3581 1698 3662 paginam
1721 3584 1834 3659 sciens

161 3683 277 3735 contra
300 3689 374 3734 eam
398 3680 521 3731 temere
543 3667 653 3731 venire
676 3668 892 3749 temptaverit,
925 3667 1070 3729 secundo
1100 3667 1238 3729 tertiove
1266 3668 1477 3744 commonita,
1509 3669 1569 3731 nisi
1594 3682 1718 3734 reatum
1742 3693 1836 3735 suum

161 3781 305 3843 congrua
336 3758 561 3822 satisfactione
584 3758 769 3832 correxerit,
804 3757 979 3838 potestatis
1006 3754 1206 3837 honorisque
1229 3757 1277 3818 sui
1297 3756 1326 3835 b)
1351 3758 1510 3839 dignitate
1542 3769 1651 3821 careat
1681 3782 1836 3842 reamque

160 3871 194 3913 se
218 3850 332 3913 divino
356 3848 478 3912 iudicio
502 3847 642 3910 existere
666 3848 707 3910 de
731 3853 918 3928 perpetrata
941 3845 1112 3926 iniquitate
1135 3856 1323 3926 cognoscat,
1348 3857 1381 3909 et
1409 3867 1429 3909 a
1451 3849 1669 3912 sacratissimo
1698 3871 1836 3933 corpore

160 3961 198 4003 ac
220 3939 383 4021 sanguine
405 3937 458 4000 dei
483 3946 515 4000 et
539 3936 673 4012 domini,
699 3935 917 4017 redemptoris
933 3934 1034 3997 nostri
1051 3935 1122 3996 Iesu
1139 3932 1267 4009 Christi,
1292 3935 1396 3998 aliena
1420 3935 1485 4012 fiat,
1510 3947 1609 4019 atque
1633 3939 1665 4000 in
1687 3951 1836 4003 extremo

160 4030 314 4092 examine
345 4027 491 4112 districte
521 4025 636 4088 ultioni
667 4025 845 4087 subiaceat.
892 4023 1131 4088 Conservantes
1155 4035 1264 4087 autem
1287 4025 1395 4087 eidem
1427 4026 1511 4101 loc0,
1544 4047 1608 4112 que
1635 4049 1694 4092 sua
1716 4040 1800 4105 sunt,
1828 4028 1831 4113 Ι

159 4117 399 4200 omnipotentis
415 4115 467 4178 dei
485 4125 518 4178 et
532 4114 704 4177 beatorum
721 4112 947 4195 apostolorum
955 4113 1065 4176 PETRI
1074 4123 1107 4176 et
1118 4114 1227 4176 PAULI
1239 4115 1378 4195 gratiam
1391 4126 1639 4196 consequantur.
1662 4118 1782 4182 Amen.
1793 4152 1836 4164 -

157 4208 280 4271 A—m.
304 4243 351 4255 -
373 4203 450 4267 Am.
473 4237 518 4250 -

375 4294 431 4374 (R)
455 4290 528 4375 Ego
550 4290 716 4374 Eugenius
740 4291 900 4378 catholice
924 4291 1060 4379 ecclesie
1084 4290 1261 4374 episcopus
1284 4313 1325 4354 ss.
1350 4293 1412 4374 (M)

375 4379 396 4464 †
419 4380 492 4464 Ego
515 4381 757 4444 Theodewinus
779 4392 892 4445 sancte
915 4381 1034 4444 Rufine
1057 4382 1233 4463 episcopus
1256 4402 1297 4443 ss.

375 4469 397 4554 †
419 4471 493 4554 Ego
516 4469 691 4534 Albericus
714 4471 899 4534 Hostiensis
922 4472 1098 4552 episcopus
1121 4491 1161 4533 ss.
1184 4467 1233 4554 (6)

375 4594 420 4607 -
442 4558 462 4643 †
485 4560 559 4643 Ego
583 4559 692 4624 Guido
715 4560 877 4642 presbiter
900 4560 1071 4623 cardinalis
1096 4561 1143 4622 tit.
1168 4560 1272 4622 sancti
1293 4562 1325 4636 ο)
1350 4559 1526 4642 Grisogoni
1543 4557 1551 4644 ll
1566 4583 1607 4624 ss.
1632 4561 1677 4643 (2)

376 4648 397 4731 †
419 4649 492 4733 Ego
516 4650 689 4713 Aribertus
711 4650 873 4732 presbiter
896 4650 1068 4712 cardinalis
1091 4649 1139 4712 tit.
1164 4659 1277 4711 sancte
1300 4648 1475 4713 Anastasie
1499 4671 1539 4713 ss.
1565 4655 1616 4728 (2)

376 4736 397 4821 †
420 4737 493 4822 Ego
517 4738 615 4802 Iulius
639 4738 800 4821 presbiter
823 4739 996 4802 cardinalis
1019 4739 1067 4801 tit.
1094 4738 1197 4802 sancti
1222 4739 1367 4801 Marcelli
1391 4760 1432 4802 ss.
1457 4742 1509 4819 (1)

376 4825 397 4910 †
420 4827 493 4911 Ego
518 4827 676 4891 lordauus
699 4828 861 4910 presbiter
884 4827 1057 4891 cardinalis
1081 4828 1128 4891 tit.
1153 4837 1266 4890 sancte
1290 4827 1436 4915 Susanne
1460 4850 1501 4891 ss.

376 4953 420 4962 -
443 4915 464 4998 †
487 4917 560 5001 Ego
585 4917 686 4980 Oddo
709 4918 867 4980 diaconus
891 4917 1063 4981 cardinalis
1086 4918 1190 4980 sancti
1214 4918 1347 4999 Georgii
1372 4918 1414 4979 ad
1436 4918 1556 4980 Velum
1580 4935 1712 4979 aureum
1736 4938 1777 4979 ss.

376 5004 398 5089 †
421 5005 493 5089 Ego
518 5007 719 5071 Octavianus
743 5007 900 5070 diaconus
921 5004 1093 5070 cardinalis
1116 5008 1219 5069 sancti
1244 5007 1396 5069 Nicholai
1420 5008 1452 5068 in
1477 5027 1605 5069 carcere
1628 5027 1669 5068 ss..

376 5092 397 5177 †
420 5095 493 5178 Ego
518 5095 695 5177 Gregorius
720 5094 876 5160 diaconus
900 5095 1072 5160 cardinalis
1096 5097 1199 5158 sancti
1224 5093 1345 5177 Augeli
1370 5117 1411 5158 ss

377 5182 398 5269 †
421 5184 494 5268 Ego
518 5184 628 5250 Guido
653 5185 810 5248 diaconus
834 5186 1007 5248 cardinalis
1030 5196 1142 5248 sancte
1167 5186 1268 5247 Marie
1292 5187 1324 5247 in
1348 5185 1487 5249 Porticu.
1513 5186 1565 5266 (5)

258 5301 262 5311 ’
321 5276 400 5338 Dat.
415 5275 552 5351 Viterbi,
577 5295 638 5356 per
659 5294 793 5337 manum
808 5277 977 5351 Roman,
1001 5285 1113 5360 sancte
1136 5275 1286 5362 Romane
1310 5275 1446 5362 ecclesie
1469 5274 1640 5356 presbiteri
1665 5270 1837 5336 cardinalis

158 5375 192 5428 et
215 5364 413 5428 cancellarii.
450 5379 476 5428 x
498 5363 698 5428 K1.0etob.
736 5358 918 5428 Indictione
941 5376 974 5426 x.
1011 5364 1247 5427 lucamationis
1271 5365 1435 5451 dominice
1459 5385 1546 5427 anno
1570 5372 1716 5427 MCXLvl.
1754 5365 1836 5426 Pon·

158 5454 304 5518 titicatus
327 5474 406 5517 vero
431 5455 545 5518 domni
569 5454 977 5517 EUGEN11111PP.anno
1001 5453 1157 5517 secundo.
1185 5489 1219 5498 -

158 5561 415 5569 ..—.---.—.--.-.
444 5561 542 5568 --—..
553 5562 586 5568 ..-

322 5593 349 5656 a)
368 5606 387 5656 p
403 5561 456 5655 air-f
468 5591 494 5640 in
512 5592 550 5641 die
566 5593 640 5643 Aah:
654 5594 776 5660 gthender
791 5596 878 5643 Rosur
1048 5593 1076 5660 b)
1092 5593 1101 5641 i
1119 5593 1234 5659 karrigirt
1255 5611 1302 5644 oris
1320 5610 1334 5643 a
1477 5597 1502 5659 c)
1521 5594 1528 5643 i
1548 5611 1595 5644 arcs
1613 5611 1627 5645 e
1645 5594 1766 5661 korrr'girt.
1786 5635 1790 5640 .
1806 5635 1808 5639 ,

158 5666 196 5730 A)
219 5663 263 5716 Or.
287 5679 344 5713 vom
363 5663 398 5714 28
416 5663 485 5713 Febr.
503 5665 578 5725 1144,
597 5666 631 5716 im
648 5668 722 5717 Arch.
741 5666 768 5716 di
783 5666 851 5715 staro
867 5681 898 5715 ru
919 5664 1006 5725 Turia,
1025 5667 1100 5731 vergl.
1119 5667 1183 5715 auch
1197 5665 1313 5726 Qumtini,
1335 5666 1457 5719 Orsemot.
1474 5668 1538 5715 sulla
1555 5667 1642 5718 Storr'a.
1656 5668 1730 5718 1139.

1885 5738 1942 5816 A
