3982 6194
1788 281 1829 348 37

154 450 279 533 poterit
310 449 462 531 adipisci,
502 449 595 515 firma
625 451 721 514 vobis
751 449 931 530 vestrisque
963 449 1204 514 successoribus
1242 459 1276 513 et
1312 450 1434 516 illibata
1473 462 1702 536 permaneant,
1740 454 1830 518 salva

154 541 340 603 reverentia
370 539 557 602 Narniensis
594 539 752 623 episcopi.
806 538 1020 602 Decernimus
1051 560 1142 622 ergo,
1180 547 1216 601 ut
1250 540 1329 604 nulli
1360 543 1495 605 omnino
1527 541 1694 606 hominum
1726 543 1829 621 liceat,

153 636 297 692 vestram
311 629 510 692 iamdictam
527 629 699 694 ecclesiam
714 636 840 693 temere
855 628 1046 711 perturbare
1061 638 1116 691 aut
1129 631 1197 691 eius
1213 633 1437 712 possessiones
1456 634 1485 713 ²)
1497 632 1624 695 auferre
1640 633 1691 697 vel
1703 633 1830 697 ablatas

155 719 304 794 retinere,
335 718 479 781 minuere
509 738 566 782 seu
591 718 844 801 quomodolibet
866 716 1024 782 molestiis
1047 717 1193 800 fatigare,
1226 719 1284 781 sed
1309 722 1419 783 omnia
1449 722 1573 804 integra
1596 731 1830 786 conserventur

154 816 223 872 tam
246 810 373 882 vestris,
400 827 498 887 quam
524 827 705 891 pauperum
729 808 840 871 usibus
864 807 1062 870 omnimodis
1085 808 1264 890 profutura.
1309 807 1425 873 Nullus
1448 819 1557 874 autem
1588 811 1631 874 ibi
1654 813 1830 876 canonicus

155 900 375 962 constituatur
396 897 522 978 absque
545 900 664 980 prioris
688 904 722 961 et
744 898 878 960 fratrum
898 895 927 977 b)
951 898 1117 960 communi
1141 918 1283 960 assensu.
1331 896 1366 962 Si
1390 919 1455 978 qua
1477 902 1575 982 igitur
1604 900 1635 962 in
1659 909 1829 984 posterum

155 988 379 1051 ecclesiastica
410 986 626 1051 saecularisve
656 1007 805 1069 persona,
835 984 919 1050 hanc
949 994 1078 1049 nostrae
1108 987 1348 1050 constitutionis
1379 991 1532 1072 paginam
1564 990 1683 1069 sciens,
1717 998 1831 1054 contra

155 1098 228 1140 earn
244 1085 371 1140 temere
386 1072 521 1160 (venire)
538 1077 717 1151 tentaverit,
741 1076 887 1140 secundo
903 1078 1042 1139 tertiove
1058 1072 1293 1161 com(m)onita,
1315 1077 1342 1139 si
1357 1099 1422 1142 non
1442 1078 1663 1143 satisfactione
1686 1100 1831 1162 congrua

155 1167 390 1240 emendaverit,
413 1169 586 1248 potestatis
609 1165 808 1247 honorisque
823 1168 871 1229 sui
888 1167 1046 1248 dignitate
1061 1174 1179 1240 careat,
1203 1186 1359 1248 reamque
1373 1189 1409 1231 se
1425 1169 1537 1232 divino
1554 1169 1674 1232 iudicio
1690 1170 1830 1233 existere
1912 1164 1915 1170 ’

155 1258 197 1320 de
213 1265 406 1339 perpetrata
421 1256 593 1336 iniquitate
610 1265 799 1338 cognoscat,
824 1266 857 1319 ct
880 1277 899 1318 a
922 1256 1141 1319 sacratissimo
1165 1276 1303 1337 corpore
1327 1267 1360 1320 et
1382 1259 1541 1340 sanguine
1565 1260 1617 1322 dei
1642 1279 1680 1321 ac
1696 1260 1830 1334 domini,

154 1346 375 1428 redemptoris
399 1346 500 1407 nostri
524 1345 595 1408 lesu
620 1345 749 1421 Christi,
780 1345 974 1421 alienafiat,
999 1354 1099 1427 atque
1123 1347 1154 1408 in
1179 1356 1327 1408 extremo
1352 1349 1503 1412 examine
1527 1348 1693 1412 districtae
1716 1348 1830 1412 ultioni

154 1436 334 1499 subiaceat.
382 1433 516 1498 Cunctis
540 1445 658 1511 autem,
689 1435 798 1498 eidem
829 1434 985 1498 ecclesiae
1008 1455 1066 1497 sua
1089 1436 1157 1497 iura
1180 1435 1392 1512 servantibus
1424 1438 1466 1502 sit
1489 1459 1557 1520 pax
1580 1439 1705 1501 domini
1729 1439 1830 1501 nostri

157 1526 228 1588 Iesu
261 1523 401 1600 Christi,
434 1535 594 1605 quatenus
624 1534 658 1588 et
687 1524 740 1587 hic
771 1524 911 1587 fructum
941 1523 1051 1588 bonae
1082 1525 1220 1587 actionis
1249 1526 1432 1607 percipiant
1464 1538 1497 1591 et
1530 1528 1619 1609 apud
1649 1527 1831 1591 districtum

157 1615 300 1678 iudicem
324 1613 473 1696 praemia
496 1624 648 1678 aeternae
672 1615 762 1696 pacis
786 1614 962 1677 inveniant.
1008 1614 1128 1677 Amen.
1154 1612 1273 1676 Amen.
1297 1613 1416 1678 Amen.

372 1703 447 1784 Ego
469 1703 678 1767 Innocentius
701 1703 861 1767 catholice
885 1703 1021 1767 ecclesie
1044 1704 1219 1786 episcopus
1242 1724 1283 1766 ss.

372 1792 447 1873 Ego
471 1791 642 1857 Conradus
665 1793 857 1856 Sabinensis
880 1794 1056 1875 episcopus
1079 1815 1120 1856 ss.

373 1882 447 1962 Ego
470 1882 644 1945 Albericus
667 1883 853 1945 Hostiensis
876 1883 1053 1964 episcopus
1075 1904 1116 1945 ss.

372 1971 446 2052 Ego
470 1971 576 2034 Lucas
595 1962 761 2053 ,presbiter
784 1972 958 2035 cardinalis
981 1973 1029 2034 tit.
1053 1982 1242 2035 sanctorum
1264 1973 1396 2035 Ioannis
1418 1982 1452 2036 et
1474 1971 1564 2035 Pauli
1588 1993 1629 2035 ss,

372 2060 447 2141 Ego
472 2059 672 2142 Crisogonus
694 2061 856 2143 presbiter
879 2061 1052 2125 cardinalis
1075 2062 1123 2124 tit.
1146 2072 1259 2125 sancte
1282 2062 1439 2125 Praxedis
1461 2083 1504 2125 ss.

372 2149 446 2230 Ego
470 2149 540 2214 GG.
565 2150 767 2232 (Gregorius)
791 2151 950 2214 diaconus
973 2151 1146 2214 cardinalis
1169 2152 1273 2214 sancti
1296 2150 1417 2233 Angeli
1442 2172 1485 2214 ss.

372 2238 446 2320 Ego
470 2239 634 2303 Gerardus
657 2241 815 2303 diaconus
839 2240 1011 2303 cardinalis
1034 2251 1147 2303 sancte
1171 2241 1274 2304 Marie
1297 2241 1330 2303 in
1354 2241 1532 2303 Dominica
1554 2261 1595 2302 ss.

317 2328 443 2390 Datum
466 2329 628 2405 Laterani,
660 2350 720 2411 per
742 2350 857 2392 manus
879 2329 1046 2405 Almerici‚
1076 2338 1209 2392 sanctae
1232 2331 1403 2393 Romanae
1431 2329 1588 2393 ecclesiae
1611 2328 1740 2391 diaconi
1765 2349 1833 2391 car·

155 2415 274 2478 dinalis
297 2425 332 2479 et
355 2416 548 2481 cancellarii.
586 2430 623 2481 1v
646 2419 720 2482 Kal.
743 2418 951 2483 Novembris.
993 2419 1176 2482 indictione
1191 2434 1239 2482 111.
1277 2418 1379 2482 Anno
1396 2419 1580 2482 dominicae
1602 2418 1834 2481 incarnationis

154 2516 330 2569 mcxxxlx.
369 2506 595 2585 (Pontificatus
619 2518 729 2571 autem
753 2508 866 2571 domni
889 2509 1070 2572 innocentii
1086 2509 1125 2588 11)
1148 2529 1236 2572 anno
1261 2509 1400 2572 decimo.

321 2621 363 2669 Or.
383 2620 416 2669 im
434 2621 548 2671 Archivr‘o
567 2622 701 2686 Capr'tolare
719 2639 749 2671 ιιι
767 2622 856 2672 Nomi.

320 2692 389 2758 Perg.
409 2692 468 2752 r'tol,
486 2693 523 2744 br.
542 2695 610 2753 0,36,
629 2695 691 2759 lang
705 2695 774 2753 0,57,
793 2701 867 2745 untm
885 2696 982 2754 0,0456
999 2694 1189 2761 umgesclrlugen,
1208 2693 1287 2744 diocli
1303 2694 1321 2742 2
1338 2693 1430 2743 L'o'cler
1443 2693 1500 2759 geht
1517 2691 1554 2743 ιίίι
1567 2693 1633 2758 gelbe
1650 2692 1832 2754 Seidenscinur,

152 2763 226 2812 deren
244 2763 374 2829 Bleisiegel
387 2767 503 2816 verloren.
540 2765 648 2832 Falrrmg
664 2766 707 2816 der
724 2767 821 2819 Bullen.

911 3050 978 3124 Nr.
1008 3053 1071 3124 43.

333 3183 488 3248 Innocens
503 3183 550 3248 II
560 3183 709 3266 besteitrgt
723 3184 796 3248 dem
811 3183 1028 3266 Domkapitel
1039 3204 1102 3247 von
1123 3180 1248 3247 Verona
1263 3182 1350 3247 seine
1365 3180 1601 3248 Bestlatluimer
1616 3184 1654 3268 ¹).

770 3320 853 3381 1140
868 3317 971 3401 April
981 3319 1032 3380 16.
1064 3318 1215 3382 Lateran.

318 3454 528 3517 Innocentius
544 3455 728 3536 episcopus,
745 3475 856 3517 servus
871 3474 1038 3517 servorum
1055 3454 1116 3529 dei,
1139 3453 1265 3516 dilectis
1281 3453 1362 3528 filiis,
1386 3453 1536 3518 Gilberto
1561 3452 1833 3535 archipresbitero

155 3541 339 3624 ceterisque
360 3544 561 3607 Veronensis
577 3543 713 3607 ecclesie
737 3544 912 3618 canonicis,
935 3552 1004 3606 tam
1027 3543 1234 3625 presentibus
1258 3563 1357 3624 quarn
1381 3542 1503 3619 futuris,
1528 3543 1560 3605 in
1585 3563 1676 3626 ppm.
1723 3542 1833 3607 Officii

156 3631 258 3694 nostri
284 3652 346 3695 nos
370 3631 519 3696 hortatur
542 3634 726 3706 auctoritas,
751 3654 812 3715 pro
836 3633 1046 3696 ecclesiarum
1070 3643 1157 3696 statu
1181 3643 1329 3714 satagere
1353 3642 1386 3695 et
1409 3653 1519 3695 earum
1537 3633 1638 3714 quieti
1654 3641 1687 3696 et
1702 3632 1833 3695 utilitati

157 3719 338 3797 salubriter,
363 3722 541 3786 auxiliante
565 3723 710 3798 domino,
735 3723 916 3804 providere.
963 3723 1109 3804 Dignum
1134 3742 1276 3804 namque
1299 3730 1332 3785 et
1354 3721 1518 3785 honestati
1542 3723 1741 3785 conveniens
1764 3743 1834 3785 esse

158 3811 376 3892 cognoscitur,
400 3822 437 3875 ut
460 3813 515 3894 qui
532 3812 574 3875 ad
590 3834 702 3875 earum
722 3814 749 3891 c)
773 3811 982 3875 ecclesiarum
1006 3812 1151 3893 regimen
1174 3813 1332 3894 assumpti
1349 3832 1468 3886 sumus,
1493 3832 1548 3874 eas
1572 3821 1639 3874 eta
1659 3831 1832 3893 pravorum

158 3899 329 3963 hominum
361 3902 512 3983 nequicia
543 3913 692 3965 tueamur
721 3910 753 3964 et
785 3901 874 3964 beati
905 3901 990 3964 Petri
1030 3910 1129 3982 atque
1167 3912 1279 3964 sancte
1314 3901 1401 3964 sedis
1434 3900 1617 3983 apostolice
1648 3901 1833 3982 patrocinio

159 3990 353 4054 muniamus.
405 3992 608 4073 Eapropter,
644 3991 753 4054 dilecti
786 3991 818 4053 in
850 3991 986 4053 domino
1018 3990 1090 4066 filii,
1121 3991 1236 4053 vestris
1267 3990 1520 4053 racionabilibus
1552 3990 1834 4071 postulacionibus

157 4088 287 4159 gratum
311 4080 488 4161 prebentes
511 4100 694 4156 assensum,
725 4101 785 4143 vos
808 4089 840 4143 et
863 4091 971 4144 vestra
995 4080 1193 4142 monasteria
1211 4077 1252 4161 d),
1277 4090 1389 4142 sancte
1413 4081 1571 4143 memorie
1593 4079 1834 4162 predecessoris

158 4168 260 4231 nostri
292 4189 381 4250 pape
411 4168 531 4233 Calixti
563 4170 707 4251 vestigiis
740 4168 940 4245 inherentes,
981 4168 1163 4251 apostolice
1201 4169 1288 4232 sedis
1326 4170 1511 4250 patrocinio
1542 4169 1694 4231 duximus
1726 4179 1833 4251 prote·

157 4256 275 4338 genda.
333 4258 395 4321 Per
428 4259 589 4340 presentis
623 4260 719 4340 igitur
753 4258 912 4340 privilegii
945 4259 1102 4340 paginam
1133 4259 1375 4335 constituimus,
1418 4267 1468 4333 ut,
1504 4279 1728 4340 quascumque
1759 4278 1833 4340 pos·

158 4347 331 4424 sessiones,
364 4367 569 4430 quecumque
600 4346 690 4411 bona
719 4348 752 4410 in
783 4348 1024 4429 presenciarum
1048 4348 1131 4410 iuste
1154 4358 1187 4410 et
1210 4347 1355 4429 legitime
1382 4348 1560 4428 possidere·
1581 4348 1746 4424 videmini,
1779 4357 1835 4410 aut

159 4436 188 4498 in
213 4435 360 4499 futurum
383 4438 595 4501 concessione
623 4436 825 4519 pontificum,
858 4436 1029 4518 largitione
1054 4457 1166 4518 regum
1188 4438 1241 4500 vel
1264 4437 1458 4519 principum,
1489 4437 1662 4500 oblacione
1689 4437 1834 4499 fidelium

157 4545 213 4588 seu
237 4524 310 4588 aliis
334 4525 426 4590 iustis
458 4526 573 4603 modis,
605 4536 771 4608 prestante
803 4526 947 4600 domin0,
979 4527 1128 4608 poteritis
1151 4527 1298 4609 adipisci,
1330 4527 1423 4589 firma
1445 4526 1542 4589 vobis
1575 4527 1607 4589 in
1639 4535 1834 4607 perpetuum

157 4625 189 4677 et
213 4613 342 4677 illibata
368 4626 592 4697 permaneant.
638 4616 674 4679 In
706 4615 824 4697 quibus
857 4613 919 4678 hec
948 4616 1142 4679 nominatim
1166 4616 1382 4699 exprimenda
1404 4615 1647 4678 subiunximus:
1680 4614 1834 4678 ecclesias

156 4703 313 4767 videlicet
335 4705 439 4767 sancti
463 4704 606 4787 Georgii,
630 4706 733 4768 sancti
757 4703 911 4767 Iohannis
934 4704 1067 4781 Batiste,
1091 4707 1194 4768 sancti
1219 4704 1405 4781 Clementis,
1433 4715 1546 4768 sancte
1570 4703 1699 4780 Cecilic,
1730 4705 1833 4767 sancti

157 4794 316 4869 Faustini,
348 4804 460 4857 sancte
490 4794 710 4876 Heuphemie,
742 4795 845 4856 sancti
869 4794 979 4874 Firmi,
1011 4795 1044 4855 in
1076 4795 1202 4877 capella
1233 4796 1336 4858 sancti
1365 4795 1471 4870 Pauli,
1503 4795 1606 4856 sancti
1637 4793 1833 4869 Sebastiani,

156 4893 272 4945 sancte
289 4883 393 4946 Marie
409 4885 642 4959 consolatricis,
666 4885 698 4946 in
715 4883 820 4965 burgo
837 4884 973 4946 ecclesie
988 4884 1092 4946 sancti
1108 4883 1262 4948 iohannis
1277 4885 1402 4947 Batiste
1424 4884 1455 4946 in
1472 4883 1576 4959 Valle,
1601 4883 1833 4945 monasterium

157 4973 263 5035 sancti
289 4971 459 5036 Michaelis
482 4975 514 5036 in
540 4972 730 5056 Campania,
761 4973 865 5035 sancti
889 4972 1044 5035 Iohannis
1066 4973 1192 5037 Batiste
1216 4975 1247 5037 in
1272 4974 1457 5055 Quinciano
1482 4992 1556 5035 cum
1581 4972 1708 5054 capella
1729 4973 1833 5035 sancti

158 5061 352 5137 Alexandri,
376 5062 530 5126 ecclesias
552 5062 705 5126 videlicet
729 5063 832 5124 sancti
856 5062 941 5124 Petri
966 5061 1007 5124 de
1031 5060 1177 5144 Capan0,
1202 5065 1304 5126 sancti
1321 5063 1410 5126 Pauli
1433 5062 1474 5125 de
1489 5063 1606 5138 Prun0,
1630 5070 1664 5125 et
1686 5063 1833 5124 omnium

157 5161 347 5214 sanctorum
372 5152 413 5214 de
436 5153 585 5228 Novaris,
609 5161 720 5215 sancte
744 5151 848 5214 Marie
872 5151 913 5213 de
936 5151 1078 5227 Turano,
1103 5153 1207 5215 sancti
1230 5152 1386 5228 Cassiani,
1411 5159 1444 5214 et
1467 5151 1614 5214 omnium
1637 5148 1834 5214 Sanctorum

159 5240 200 5302 de
223 5241 403 5316 Marciana,
437 5242 608 5305 ecclesiam
639 5242 742 5304 sancti
770 5241 953 5315 Pancracii,
987 5240 1157 5304 ecclesiam
1188 5243 1293 5305 sancti
1317 5242 1449 5323 Georgii
1481 5241 1514 5304 in
1538 5236 1632 5315 Salis,
1664 5240 1834 5304 ecclesiam

156 5331 263 5393 sancti
288 5329 460 5393 Michaelis
484 5331 526 5394 de
550 5330 747 5406 Calmasino,
772 5329 945 5393 ecclesiam
967 5331 1070 5394 sancti
1095 5332 1241 5394 Faustini
1266 5332 1307 5395 de
1331 5340 1443 5394 monte
1466 5331 1639 5407 Draconis,
1663 5330 1834 5394 ecclesiam

158 5420 262 5481 sancti
285 5420 491 5483 Prosdocimi
514 5440 589 5484 cum
613 5420 749 5496 decima,
774 5420 937 5483 decimam
957 5419 1051 5501 Aspi,
1076 5421 1247 5484 ecclesiam
1270 5421 1373 5484 sancti
1396 5419 1567 5484 Ambrosii
1592 5421 1633 5484 de
1657 5419 1833 5495 Casilialto,

319 5615 345 5676 a)
365 5629 488 5680 personas
556 5615 583 5683 b)
602 5615 720 5666 fratruum
791 5615 816 5682 c)
834 5614 901 5664 wohl
915 5621 1055 5664 sanctarum
1126 5615 1154 5679 d)
1172 5612 1229 5663 ma'.
1240 5653 1292 5660 -.
1302 5615 1338 5679 .1)
1357 5612 1406 5662 Die
1417 5613 1543 5679 Absclrr‘st
1559 5613 1634 5665 dieser
1647 5614 1765 5664 Urkundc
1780 5630 1833 5664 ver-

157 5685 235 5737 danke
251 5685 290 5736 ich
306 5686 389 5738 durch
407 5686 580 5756 Vermittelung
595 5688 636 5738 des
646 5687 731 5738 Herm
752 5686 846 5754 Grasen
862 5687 888 5738 C.
906 5687 998 5753 Cipolla
1015 5687 1068 5737 dem
1080 5686 1165 5738 Herm
1188 5684 1396 5736 Vr'cebibliotlekar
1407 5684 1487 5736 Retro
1499 5686 1669 5753 Sgulniero
1686 5703 1716 5736 ιιι
1733 5687 1832 5740 Verona.
