3982 6194
1764 242 1823 316 ¹93

152 420 337 503 Rigolicini,
368 430 464 505 prata
486 421 611 497 Resice,
642 421 784 496 Farnitu,
815 419 930 497 Cuzzu,
962 420 1101 495 Piscloli,
1131 418 1271 483 Serrone
1295 420 1475 485 Mattilredi
1508 429 1541 485 et
1572 424 1604 485 in
1635 422 1825 500 Cisternola,

154 508 318 585 Guaitam,
340 511 526 581 Barracum,
550 510 735 574 Fontanam
760 520 928 584 muratam,
952 519 1070 575 terram
1095 511 1124 572 in
1149 511 1327 592 Malagoto,
1351 511 1566 592 Frusceptum
1590 520 1705 590 totum,
1729 513 1826 577 Frac-

152 600 280 673 tarinas,
304 608 409 662 terras
433 603 466 663 in
485 600 575 683 colle
598 602 640 663 de
664 601 761 673 Mela,
786 610 913 681 pratum
940 601 981 662 de
1005 599 1199 673 Centorano,
1224 599 1329 663 casale
1352 600 1394 662 de
1410 600 1614 683 Pizzolongo,
1640 601 1825 678 Marmorie,

153 688 367 765 Tracianum,
398 689 515 752 collem
546 690 589 752 de
613 689 701 758 Polo,
731 691 883 763 Pantaua,
908 688 1076 752 Summam
1100 688 1217 760 villam,
1250 687 1420 765 Scanzora‚
1452 689 1569 752 vallem
1601 692 1644 753 de
1674 692 1826 767 Formali,

153 777 268 839 vallem
287 779 332 840 de
348 775 512 853 Cannella‚
537 788 638 841 terras
655 781 697 841 de
720 787 830 840 sancta
847 779 1018 841 Felicitate
1034 798 1106 840 cum
1124 778 1194 858 ipsa
1210 777 1356 852 ecclesia,
1374 777 1585 854 Farnitillum,
1608 780 1635 842 F
1637 780 1826 851 alascosam,

154 866 366 929 Pomarolum
390 877 423 931 et
440 868 650 939 Calcinarum,
675 871 705 930 in
730 876 836 929 castro
853 865 1004 930 Sculcule
1028 866 1197 929 ecclesiam
1222 868 1322 929 sancti
1346 865 1504 949 Stephani
1527 889 1600 930 cum
1624 873 1827 951 pertinentiis

155 957 226 1029 suis,
251 965 368 1031 terras,
383 958 503 1031 vineas,
519 967 626 1020 ortum
644 966 676 1018 et
692 957 793 1019 olivas
810 959 841 1019 in
858 957 976 1018 eodem
993 964 1108 1031 castro,
1134 957 1289 1036 quicquid
1306 954 1433 1018 habetis
1449 957 1479 1018 in
1497 959 1628 1020 civitate
1644 958 1826 1042 Anagnina,

156 1053 183 1106 et
206 1044 384 1107 ecclesiam
409 1047 510 1108 sancti
533 1047 672 1108 Romani
703 1067 775 1107 cum
810 1045 1011 1127 pertinentiis
1034 1047 1110 1106 suis.
1158 1043 1282 1107 Crisma
1305 1065 1392 1120 vero,
1424 1044 1530 1109 oleum
1562 1056 1721 1120 sanctum,
1751 1069 1827 1112 con·

156 1136 357 1197 sectationes
380 1132 527 1197 altarium
553 1156 609 1198 seu
633 1135 847 1205 basilicarum,
879 1135 1102 1196 ordinationes
1133 1133 1376 1207 monachorum,
1407 1137 1462 1214 qui
1494 1137 1535 1197 ad
1564 1157 1674 1200 sacros
1697 1139 1827 1200 ordines

157 1221 275 1285 luerint
300 1225 528 1305 promovendi,
544 1245 563 1286 a
579 1225 755 1286 diocesano
769 1224 950 1304 suscipiatis
967 1225 1135 1305 episcopo,
1157 1224 1319 1302 siquidem
1336 1223 1515 1286 catholicus
1530 1225 1628 1288 fuerit
1642 1235 1675 1288 et
1690 1228 1826 1308 gratiam

158 1313 340 1393 apostolice
363 1313 452 1376 sedis
475 1313 623 1377 habuerit
655 1322 688 1375 et
715 1333 754 1376 ea
777 1314 875 1394 gratis
904 1321 937 1374 et
966 1313 1091 1392 absque
1121 1315 1280 1394 pravitate
1311 1312 1451 1375 voluerit
1481 1313 1653 1392 exhibere;
1685 1315 1826 1396 alioquin

159 1401 249 1462 liceat
273 1402 382 1475 vobis,
413 1401 619 1476 catholicum,
643 1423 740 1483 quem
766 1403 952 1473 malueritis,
982 1401 1073 1463 adire
1103 1401 1288 1475 antistitem,
1320 1403 1373 1481 qui
1406 1403 1554 1466 nimirum
1588 1414 1698 1467 nostra
1729 1405 1828 1468 fultus

161 1491 361 1565 auctoritate,
385 1492 474 1572 quod
499 1491 690 1573 postulatur,
714 1491 889 1573 indulgeat.
937 1488 1091 1553 Obeunte
1115 1498 1222 1552 autem
1254 1499 1295 1566 te,
1326 1511 1410 1553 nunc
1433 1493 1578 1556 eiusdem
1603 1493 1666 1556 loci
1698 1495 1828 1569 abbate,

162 1579 363 1642 veltuorum
388 1579 536 1658 quolibet
557 1600 791 1654 successorum,
823 1580 927 1642 nullus
958 1580 1002 1642 ibi
1027 1577 1173 1660 qualibet
1196 1581 1407 1660 surreptionis
1436 1584 1555 1645 astutia
1587 1603 1644 1646 seu
1674 1583 1829 1647 violentia

166 1676 374 1750 preponatur,
415 1671 475 1731 nisi
508 1688 606 1749 quem
638 1669 753 1731 fratres
786 1671 950 1731 communi
982 1688 1141 1731 consensu
1172 1667 1224 1729 vel
1256 1668 1390 1731 fratrum
1429 1690 1503 1750 pars
1536 1673 1661 1735 consilii
1696 1672 1828 1735 sanioris

168 1758 339 1821 secundum
364 1759 462 1820 deum
486 1767 519 1821 et
542 1759 629 1821 beati
653 1759 824 1821 Benedicti
849 1757 992 1840 regulam
1022 1758 1221 1839 providerint
1252 1757 1447 1839 eligendum.
1495 1760 1710 1824 Decernimus
1741 1780 1828 1843 ergo,

171 1854 199 1907 ut
212 1846 285 1910 nulli
301 1849 438 1910 omnino
454 1847 620 1910 hominum
646 1847 751 1922 liceat,
776 1847 938 1929 prelatum
963 1848 1217 1910 monasterium.
1242 1896 1248 1909 .
1274 1897 1280 1910 .
1306 1848 1415 1909 usibus
1436 1850 1634 1912 omnimodis
1650 1849 1828 1933 profutura,

175 1935 250 1997 salva
264 1937 294 1998 in
309 1937 499 2018 supradicta
514 1936 600 1998 beati
616 1938 757 1999 Romani
774 1937 911 2000 ecclesia
936 1935 1098 2018 Anagnini
1123 1936 1270 2017 episcopi
1287 1939 1444 1999 canonica
1460 1939 1579 2001 iustitia
1596 1947 1629 2002 et
1644 1939 1828 2022 apostolice

178 2025 249 2086 sedis
264 2028 467 2089 auctoritate.
498 2025 531 2089 Si
549 2045 613 2105 qua
630 2024 943 2106 igitur...Cunctis
956 2034 1064 2088 autem
1083 2075 1089 2087 .
1108 2075 1113 2087 .
1131 2072 1137 2086 .
1155 2026 1326 2087 inveniant.
1357 2024 1830 2091 Amen.-A-m.Amen.-

376 2112 433 2199 (Rl
456 2114 530 2196 Ego
553 2114 716 2177 Adrianus
739 2114 900 2177 catholice
924 2113 1059 2177 ecclesie
1083 2114 1256 2195 episcopus
1278 2135 1319 2176 ss.
1342 2112 1404 2200 (M)

375 2201 396 2286 †
419 2203 492 2285 Ego
515 2203 681 2284 Hyma'rus
703 2202 904 2266 Tusculanus
928 2205 1105 2284 episcopus
1128 2222 1169 2263 ss.
1194 2200 1261 2287 (12)

375 2327 420 2339 -·
443 2290 463 2375 †
486 2294 560 2375 Ego
583 2292 681 2355 lulius
704 2293 867 2374 presbiter
889 2291 1058 2354 cardinalis
1081 2292 1127 2353 tit.
1150 2293 1251 2353 sancti
1274 2291 1418 2355 Marcelli
1442 2314 1482 2355 ss.

376 2380 397 2463 †
420 2381 493 2464 Ego
517 2381 690 2445 Hubaldus
714 2382 873 2463 presbiter
896 2381 1067 2443 cardinalis
1090 2383 1137 2442 tit.
1160 2390 1272 2443 sancte
1296 2379 1406 2443 Crucis
1431 2384 1462 2444 in
1486 2382 1658 2446 Ierusalem
1682 2405 1724 2447 ss.

376 2469 397 2552 †
420 2469 493 2552 Ego
519 2468 717 2534 Octavianus
741 2471 900 2553 presbiter
923 2470 1090 2533 cardinalis
1114 2471 1160 2531 tit.
1184 2479 1296 2531 sancte
1320 2468 1440 2534 Cecilie
1462 2492 1503 2533 ss.

378 2558 399 2641 †
422 2560 495 2642 Ego
519 2559 676 2623 Astaldus
700 2560 859 2641 presbiter
882 2558 1052 2622 cardinalis
1076 2561 1124 2621 tit.
1149 2568 1260 2621 sancte
1284 2560 1392 2622 Prisce
1415 2580 1457 2623 ss

377 2646 398 2729 †
421 2648 493 2731 Ego
518 2647 672 2712 Girardus
697 2650 859 2730 presbiter
881 2648 1051 2711 cardinalis
1075 2652 1122 2710 tit.
1143 2649 1170 2733 a)
1194 2651 1295 2710 sancti
1312 2646 1470 2730 Stephani
1494 2650 1522 2711 in
1541 2650 1631 2714 Celio
1656 2659 1768 2713 monte
1791 2671 1832 2712 ss.

376 2736 397 2819 †
420 2736 493 2819 Ego
509 2738 668 2801 Iohannes
681 2737 842 2820 presbiter
855 2738 1024 2800 cardinalis
1040 2745 1226 2800 sanctorum
1239 2735 1390 2800 Iohannis
1408 2748 1441 2800 et
1453 2739 1541 2802 Pauli
1554 2743 1601 2801 tit.
1614 2739 1776 2802 Pamachii
1790 2760 1831 2802 ss,

377 2825 398 2908 †
420 2828 494 2908 Ego
517 2827 676 2890 lohannes
699 2827 861 2908 presbiter
884 2826 1052 2889 cardinalis
1076 2829 1123 2888 tit.
1147 2836 1332 2888 sanctorum
1357 2824 1498 2890 Silvestri
1523 2840 1556 2890 et
1580 2828 1708 2891 Martini
1730 2850 1772 2892 ss.

378 2913 398 2998 †
420 2916 493 2997 Ego
517 2916 731 2980 ildebrandus
753 2917 913 2998 presbiter
935 2914 1105 2978 cardinalis
1127 2915 1257 2978 basilice
1281 2929 1330 2978 ΧΠ
1353 2915 1593 2998 Apostolorum
1617 2937 1658 2981 ss.

378 3003 399 3086 †
422 3006 494 3086 Ego
519 3005 627 3068 Guido
650 3005 813 3087 presbiter
836 3005 1010 3068 cardinalis
1034 3005 1080 3066 tit.
1104 3004 1222 3068 Calixti
1246 3025 1287 3066 ss.
1311 3003 1356 3089 (1)

379 3092 400 3175 †
422 3093 495 3176 Ego
518 3096 683 3158 Bonadies
707 3094 866 3176 presbiter
889 3093 1059 3156 cardinalis
1081 3096 1129 3156 tit.
1153 3096 1255 3156 sancti
1280 3092 1454 3176 Grisogoni
1479 3114 1519 3155 ss.

379 3181 398 3262 †
421 3182 494 3265 Ego
518 3183 676 3246 Albertus
699 3183 860 3265 presbiter
883 3183 1050 3246 cardinalis
1074 3185 1121 3245 tit.
1145 3185 1248 3245 sancti
1272 3182 1437 3245 Laurentii
1461 3185 1492 3245 in
1516 3183 1639 3246 Lucina
1661 3203 1703 3246 ss

381 3269 401 3354 †
424 3272 497 3354 Ego
521 3271 708 3335 Guilielmus
731 3272 893 3353 presbiter
915 3272 1083 3334 cardinalis
1106 3273 1151 3333 tit.
1175 3274 1276 3333 sancti
1300 3273 1385 3335 Petri
1409 3272 1450 3332 ad
1473 3272 1614 3335 Vincula
1637 3293 1678 3334 ss.

379 3396 423 3406 —
446 3359 466 3444 †
489 3361 563 3444 Ego
588 3359 690 3424 Oddo
713 3362 869 3424 diaconus
893 3372 895 3441 ξ
924 3360 1097 3423 cardinalis
1121 3364 1168 3422 tit.
1193 3363 1294 3423 sancti
1320 3359 1451 3442 Georgii
1474 3381 1515 3424 ss

380 3447 496 3532 †Ego
519 3451 679 3514 Rodullus
704 3451 858 3513 diaconus
883 3450 1055 3513 cardinalis
1079 3459 1191 3512 sancte
1215 3450 1316 3512 Lucie
1339 3451 1369 3512 in
1393 3449 1496 3530 Septa
1519 3449 1595 3513 solis
1618 3471 1659 3513 ss

380 3537 400 3622 †
423 3539 495 3621 Ego
519 3543 608 3604 Boso
632 3541 788 3602 diaconus
811 3540 982 3602 cardinalis
1006 3548 1189 3601 sanctorum
1216 3537 1335 3602 Cosme
1360 3547 1392 3601 et
1415 3539 1565 3603 Damiani
1590 3560 1630 3602 ss.

380 3626 400 3711 †
423 3631 496 3711 Ego
521 3628 680 3709 Cinthyus
703 3629 860 3691 diaconus
884 3628 1052 3691 cardinalis
1076 3629 1176 3690 sancti
1200 3627 1335 3690 Adriani
1359 3648 1400 3690 ss.

379 3715 400 3800 †
423 3717 496 3800 Ego
521 3717 720 3780 Raimundus
743 3719 900 3780 diaconus
924 3717 1094 3780 cardinalis
1117 3726 1229 3779 sancte
1253 3718 1355 3803 lllarie
1376 3717 1407 3778 in
1429 3717 1494 3779 Via
1516 3716 1580 3780 lata
1603 3737 1644 3779 ss.
1669 3714 1715 3802 (7)

327 3806 404 3869 Dat.
420 3807 581 3883 Laterani,
604 3827 663 3888 per
686 3827 817 3869 manum
840 3807 991 3879 Rolandi,
1015 3816 1127 3890 sancte
1142 3806 1289 3891 Romane
1312 3806 1448 3890 ecclesie
1472 3807 1641 3886 presbiteri
1666 3805 1836 3869 cardinalis

175 3900 202 3955 et
220 3894 412 3959 cancellarii.
449 3911 474 3961 11
494 3897 571 3959 ldus
587 3897 673 3959 Maii.
711 3896 891 3959 Indictione
913 3909 972 3958 vll.
1019 3896 1247 3958 lucamationis
1271 3897 1436 3980 dominice
1459 3915 1545 3958 anno
1569 3908 1715 3959 MCLVIII.
1754 3897 1836 3959 Pon-

173 3983 307 4048 tificatus
331 4003 409 4048 vero
433 3986 544 4049 domni
568 3986 728 4049 Aonium
752 4004 808 4067 pp.
832 4000 992 4049 1111anno
1016 4000 1076 4048 1111.
1100 4019 1143 4030 -

330 4100 374 4150 Or.
391 4099 447 4148 und
461 4100 585 4165 Abschris!
601 4099 641 4148 des
658 4100 799 4149 Bullnrium
817 4115 877 4149 saec.
896 4099 967 4149 XIV.
979 4107 1005 4163 p.
1029 4103 1085 4158 124,
1105 4099 1137 4147 im
1158 4097 1271 4148 Archiuio
1293 4097 1425 4162 Captiolure
1443 4115 1472 4147 ru
1491 4100 1599 4165 Anagni.

329 4172 399 4237 Ρη.
418 4172 479 4232 ital,
507 4174 542 4225 br.
561 4174 630 4232 0,5.‘l,
654 4173 715 4236 lang
732 4173 800 4231 059,
828 4178 903 4219 ranten
922 4173 998 4229 notu
1022 4171 1213 4235 renigrescln'agen,
1240 4169 1317 4218 durch
1337 4171 1352 4217 2
1370 4170 1463 4219 [δάεν
1485 4170 1543 4236 geht
1566 4173 1603 4220 die
1623 4188 1678 4220 rosa
1700 4172 1756 4220 mid
1772 4172 1837 4237 gelde

168 4243 357 4302 Seidmsckmrr,
384 4244 455 4293 deren
477 4245 534 4294 Bler'
553 4247 668 4293 verloren.
705 4242 813 4308 Fallung
835 4243 879 4290 der
902 4244 997 4292 Bullen.
1033 4243 1170 4303 Ringkrmz
1193 4241 1283 4289 scheint
1305 4241 1420 4290 dunklrre
1437 4242 1513 4290 Dim
1535 4245 1573 4291 als
1594 4243 1652 4292 Um·
1677 4246 1733 4292 und
1751 4243 1837 4291 enter-

167 4313 259 4379 rrlrisl.
291 4316 422 4380 Μήνης
437 4316 504 4365 wohl
518 4332 565 4365 von
582 4316 684 4364 anderer
695 4314 775 4363 Hand
788 4317 826 4362 als
843 4315 887 4363 der
902 4313 1077 4377 llmrrkurpm
1098 4315 1142 4361 dus
1160 4315 1182 4361 R
1200 4313 1309 4361 Rolands
1331 4313 1404 4362 dorin
1421 4314 1603 4379 naclgetragen.
1630 4317 1685 4364 Das
1696 4320 1711 4378 †
1722 4330 1768 4363 vor
1785 4316 1837 4363 dem

167 4386 295 4435 Diakonen
317 4386 386 4435 oddo
403 4402 450 4435 von
468 4386 567 4436 bellem
583 4387 665 4446 Dinte,
684 4386 719 4435 bei
734 4386 834 4449 A'oduls
846 4386 877 4434 ist
893 4389 907 4448 †
926 4386 982 4450 Ego
1001 4401 1047 4433 cun
1065 4385 1194 4433 dunllrrer
1208 4386 1264 4432 und
1279 4385 1345 4433 wohl
1359 4384 1422 4433 auch
1440 4384 1583 4435 schruercrer
1599 4386 1678 4435 Hand
1689 4386 1837 4452 geschricbeu

166 4459 266 4578 ΐᾰω
283 4457 402 4577 Γυέμηᾰι
419 4459 463 4507 der
473 4459 614 4524 Signimng.
656 4458 732 4507 (Inter
755 4458 799 4505 dm
820 4456 951 4506 &redirem
970 4457 1000 4505 is!
1016 4458 1053 4506 eiu
1076 4458 1100 4504 T
1097 4457 1147 4504 lrril
1160 4471 1207 4504 von
1226 4457 1277 4504 dem
1295 4456 1431 4504 nci'mlicae'ren
1449 4457 1571 4507 Schrer'ber
1587 4459 1743 4523 amrgesu'lrrt,
1763 4457 1839 4506 sicher

187 4531 298 4578 'eerstm
330 4530 404 4578 eiden.

914 4747 980 4824 Nr.
1010 4752 1095 4824 180.

169 4882 327 4950 Hadrian
352 4880 375 4947 I
382 4877 410 4947 V
429 4880 612 4966 beachtragt
630 4882 684 4948 die
706 4880 802 4947 Aebtr
827 4902 888 4947 von
917 4881 1092 4945 Cz'ttadclla
1117 4879 1186 4944 und
1205 4879 1272 4944 San
1293 4879 1499 4958 Bartolomm,
1523 4879 1576 4942 die
1599 4878 1839 4961 Streitrgkriten

215 4974 379 5039 zwischen
394 4974 466 5037 dem
482 4973 546 5036 Abt
558 4995 619 5037 von
634 4975 732 5038 Santo
748 4972 878 5051 Stefana
894 4972 933 5035 di
951 4971 1080 5035 Genava
1096 4971 1164 5033 und
1176 4969 1238 5033 den
1253 4968 1534 5033 Domkanont'kern
1550 4969 1732 5051 beizulegrn
1752 4968 1784 5055 ¹).

807 5090 890 5151 1158
911 5087 1062 5162 Juni14.
1095 5086 1196 5149 Satri.

329 5206 493 5271 Adrianus
517 5207 700 5289 episcopus,
722 5225 833 5268 servus
856 5223 1021 5267 servorum
1048 5204 1111 5279 dei,
1135 5203 1262 5266 dilectis
1279 5201 1360 5277 filiis,
1385 5201 1428 5264 de
1445 5198 1619 5264 Civitatula
1636 5197 1661 5284 ’)
1686 5208 1719 5264 et
1735 5203 1838 5264 sancti

175 5293 395 5359 Bartholomei
413 5295 438 5381 ⁸)
467 5294 656 5370 abbatibus,
689 5294 824 5358 salutem
856 5302 889 5357 et
918 5292 1133 5376 apostolicam
1166 5292 1437 5355 benedictionem.
1491 5290 1630 5366 causac,
1663 5308 1726 5370 que
1757 5292 1841 5352 inter

178 5420 596 5431 --———-—-—--.—-——-—-

331 5475 358 5529 al
381 5468 605 5535 Uebergesclrieben.
624 5509 677 5517 -.-
696 5471 732 5533 .1)
756 5469 833 5535 Vrrgl.
852 5468 890 5517 die
912 5468 971 5522 Urk.
990 5484 1044 5517 vom
1063 5470 1095 5517 21
1115 5466 1171 5516 Mai
1188 5467 1365 5515 1145-1146.
1439 5470 1466 5515 al
1485 5465 1541 5514 Das
1557 5464 1696 5513 bekanntere
1716 5464 1840 5513 Citradella

179 5543 216 5593 iri:
241 5544 305 5593 Com.
324 5546 368 5593 nel
388 5542 476 5602 Verum,
491 5550 561 5606 prov.
581 5542 608 5590 di
626 5541 732 5591 Padova.
769 5542 835 5590 Hier
857 5540 924 5588 arird
944 5541 989 5588 ulis
1008 5537 1212 5590 Hemontesischr:
1238 5537 1339 5585 cirrond.
1359 5553 1371 5587 e
1389 5537 1471 5587 mund.
1495 5537 1522 5585 di
1537 5536 1639 5585 novara
1656 5537 1760 5602 gemeinr
1782 5536 1838 5585 stin.

181 5621 203 5677 3)
219 5616 255 5664 Es
271 5616 339 5665 wird
347 5616 375 5665 S.
386 5611 549 5662 Bartholomei
566 5613 605 5677 (de
621 5613 725 5677 dissuto)
743 5629 791 5661 von
808 5613 893 5661 Germa
906 5611 1011 5677 gemeint
1027 5613 1084 5670 sein,
1100 5618 1166 5658 sons!
1180 5617 1241 5658 erma
1251 5609 1276 5658 S.
1294 5609 1456 5658 Bartholomei
1471 5608 1654 5657 Vallisumbrose
1670 5623 1718 5657 von
1730 5607 1838 5657 Novaro.

233 5725 252 5755 v.
265 5712 554 5764 Pilum-linitum,
570 5711 626 5754 Aeta
639 5711 681 5751 111.
1600 5698 1633 5759 25

1865 5614 1944 5816 A
