3982 6194
1765 281 1826 361 189

153 465 254 530 altare
278 486 414 529 censum
444 485 557 529 eorum
589 467 678 528 omni
711 486 798 528 anno
828 467 907 530 feria
937 470 1032 530 tertia
1062 475 1138 549 post
1169 469 1255 530 diem
1290 475 1505 548 pentecostes.
1551 467 1770 531 Concedimus
1794 479 1827 532 et

154 556 361 639 indulgemus
395 563 543 635 quartam
583 563 712 637 partem
744 558 942 619 remissionis
974 566 1202 638 peccatorum,
1234 566 1374 636 quatuor
1413 567 1597 639 temporum
1631 564 1707 638 post
1737 558 1825 621 diem

154 645 369 708 exaltacionis
391 654 523 708 sanctae
547 645 648 706 crucis
672 644 749 706 seria
765 655 880 727 quarta
895 666 954 726 per
969 647 1112 709 sedecim
1128 648 1197 709 dies
1214 653 1247 709 et
1262 645 1326 709 hnc
1342 648 1383 710 ad
1400 647 1594 729 peticionem
1613 647 1827 727 imperatricis

156 732 347 811 Grecorum,
371 733 437 796 filie
461 735 589 797 comitis
614 730 748 796 Ottonis
771 736 814 797 de
837 734 1114 798 Woliorthausen.
1161 735 1217 798 Ad
1241 735 1302 797 hec
1327 739 1467 818 presenti
1491 738 1626 799 decreto
1657 736 1826 810 sancimus

155 832 187 885 ut
208 823 330 886 nullius
350 821 378 906 ²)
402 824 634 905 episcoporum
660 822 796 887 licencia
820 827 940 905 poterit
959 824 988 909 b)
1015 826 1181 905 angariare
1197 826 1248 887 vel
1265 825 1343 887 alias
1367 828 1556 888 exactiones
1576 825 1603 909 c)
1627 827 1826 888 monasticae

155 915 254 992 quieti
280 922 316 975 et
340 913 471 976 utilitati
495 914 674 975 contrarias
698 913 792 975 vobis
814 913 866 975 vel
890 913 1038 996 cappelle
1055 923 1161 976 vestre
1184 916 1362 995 imponere.
1403 914 1504 977 Porro
1521 913 1720 996 sepulturam
1737 915 1826 976 istius

156 1002 212 1065 loci
239 1002 379 1065 omnino
401 1002 536 1065 liberam
561 1021 633 1064 esse
666 1002 880 1076 decernimus,
914 1012 949 1064 ut
980 1023 1101 1078 eorum,
1134 1006 1247 1084 quise
1279 1003 1340 1066 illic
1368 1003 1498 1085 sepeliri
1521 1004 1770 1066 deliberaverint
1789 1002 1826 1087 d),

156 1093 329 1154 devocioni
353 1102 387 1154 et
411 1100 557 1155 extreme
581 1092 713 1166 iusticie,
739 1093 797 1154 nisi
822 1093 1094 1154 excommunicati
1118 1093 1188 1168 sint,
1217 1093 1320 1154 nullus
1345 1094 1491 1155 obsistat.
1537 1092 1626 1156 Nulli
1649 1112 1728 1173 ergo
1753 1113 1827 1174 pro·

157 1200 276 1262 regum,
290 1201 415 1262 regum,
429 1182 558 1254 ducum,
572 1179 794 1243 marchionum
812 1180 862 1242 vel
878 1180 1014 1243 aliorum
1031 1180 1198 1244 hominum
1216 1182 1319 1255 liceat,
1335 1183 1495 1264 prefatum
1512 1182 1631 1258 locum,
1643 1181 1825 1262 cappellam

158 1279 184 1332 et
206 1279 361 1333 montem
386 1291 485 1352 super
513 1269 574 1331 hac
606 1278 716 1332 nostra
740 1272 975 1332 constitucione
998 1279 1122 1333 temere
1142 1270 1169 1353 e)
1200 1272 1391 1352 perturbare
1421 1280 1476 1333 aut
1507 1274 1575 1333 eius
1607 1271 1826 1352 possessiones

157 1360 291 1422 aufferre
316 1359 369 1422 vel
392 1359 518 1422 ablatas
542 1360 696 1431 retinere,
725 1359 868 1421 minuere
891 1368 946 1421 aut
969 1356 1154 1441 (ali)quibus
1178 1361 1407 1423 vexacionibus
1436 1361 1596 1434 infestare,
1627 1361 1685 1422 sed
1718 1362 1827 1422 omnia

159 1451 280 1530 integra
305 1457 546 1522 conserventur,
577 1449 691 1509 vestris
715 1449 825 1510 usibus
849 1449 1046 1510 omnimodis
1069 1449 1245 1530 protutura.
1291 1450 1325 1513 Si
1356 1452 1428 1529 quis
1459 1458 1576 1525 autem,
1606 1448 1701 1511 huius
1725 1451 1825 1511 nostri

160 1538 276 1601 decreti
304 1540 458 1620 paginam
475 1539 589 1612 sciens,
609 1547 723 1599 contra
740 1557 812 1599 earn
829 1546 953 1600 temere
973 1536 1001 1622 e)
1017 1538 1125 1600 venire
1149 1540 1402 1620 praesumpserit
1421 1538 1456 1623 s),
1481 1540 1626 1601 secundo
1642 1535 1827 1621 derciove(!)

161 1628 376 1690 commonitus
394 1626 432 1712 ε),
456 1628 515 1689 nisi
539 1635 662 1689 reatum
686 1647 779 1689 suum
804 1647 947 1708 congrue
972 1628 1203 1700 emendaverit,
1234 1629 1494 1710 indignacionem
1520 1628 1751 1709 omnipotentis
1774 1628 1827 1690 dei

162 1725 186 1778 et
216 1716 392 1778 beatorum
426 1716 512 1778 Petri
544 1726 576 1777 et
599 1716 698 1790 Pauli,
729 1714 955 1797 apostolorum
988 1718 1073 1789 eius,
1107 1718 1256 1790 incurrat,
1287 1718 1620 1780 excommunicacioni
1651 1717 1826 1791 subiaceat,

163 1805 330 1887 potestatis
357 1804 556 1885 honorisque
579 1807 622 1867 sit
649 1805 792 1886 privatus
815 1806 974 1886 dignitate
998 1825 1153 1885 reamque
1176 1826 1211 1867 se
1235 1807 1345 1869 divino
1368 1808 1488 1869 iudicio
1519 1808 1660 1868 existere
1689 1807 1731 1868 de
1755 1826 1826 1887 per-

164 1905 253 1976 petua
276 1895 447 1976 iniquitate
470 1903 656 1975 cognoscat,
681 1903 713 1956 et
736 1915 755 1956 a
775 1897 993 1956 sacratissimo
1009 1916 1149 1975 corpore
1164 1903 1198 1957 et
1212 1897 1368 1977 sanguine
1384 1896 1507 1958 domini
1523 1896 1585 1970 dei,
1610 1896 1827 1976 redemptoris

165 1987 256 2046 nostri
279 1984 354 2046 Iesu
379 1982 507 2057 Christi,
539 1982 643 2046 aliena
674 1983 743 2058 fiat,
775 1992 873 2062 atque
905 1986 936 2045 in
973 1992 1122 2046 extremo
1153 1988 1303 2047 examine
1327 1986 1473 2047 districte
1502 1984 1618 2046 ulcioni
1650 1985 1825 2046 subiaceat.

112 2112 114 2119 ·
167 2072 289 2136 Cunctis
321 2081 449 2149 autem,
483 2073 590 2136 eidem
622 2073 697 2134 loco
728 2092 786 2135 sua
816 2075 885 2134 iura
914 2073 1134 2146 servantibus,
1165 2074 1206 2135 sit
1237 2094 1302 2154 pax
1333 2074 1455 2136 domini
1479 2075 1580 2135 nostri
1604 2075 1675 2136 lesu
1700 2071 1826 2148 Christi,

112 2158 114 2217 ζ
168 2170 317 2243 quatenus
333 2170 367 2225 et
382 2160 436 2224 hic
459 2169 492 2224 et
508 2163 540 2224 in
557 2162 665 2225 futuro
690 2162 828 2224 fructum
846 2162 933 2225 bone
949 2164 1085 2225 actionis
1110 2162 1317 2248 percipia(n)t
1333 2171 1366 2225 et
1381 2164 1469 2244 apud
1486 2164 1668 2225 districtum
1685 2164 1825 2225 iudicem

168 2253 280 2332 premia
305 2259 418 2314 eterna
441 2253 532 2332 pacis
555 2252 727 2314 inveniant.
774 2249 892 2312 Amen.
915 2250 1034 2313 Arnen.

315 2340 438 2402 Datum
463 2341 589 2403 Romae
607 2340 646 2425 h),
679 2360 737 2422 per
767 2361 896 2402 manum
921 2340 1064 2415 Eusebii,
1091 2348 1201 2403 sancte
1225 2339 1373 2402 Romane
1397 2340 1535 2403 ecclesie
1559 2340 1730 2422 presbiteri
1760 2360 1825 2402 car-

171 2430 272 2491 dinalis
296 2438 330 2490 et
354 2429 542 2492 cancellarii.
581 2444 632 2492 xn
650 2429 817 2493 Kalendas
840 2427 1002 2492 Octobris
1047 2431 1212 2492 indicione
1235 2432 1356 2509 quinta.
1402 2430 1638 2493 incarnacionis
1661 2429 1825 2492 dominice

171 2537 240 2580 anno
263 2530 392 2580 Mcvuu
411 2518 450 2602 i).
496 2518 707 2581 Pontificatus
729 2539 808 2580 vero
832 2520 943 2581 domni
966 2519 1102 2581 Adriani
1126 2539 1212 2600 pape
1235 2539 1321 2582 anno
1346 2532 1403 2581 xx.

315 2632 440 2695 Absrlm'st
455 2648 509 2680 vern
529 2635 559 2680 17
577 2633 634 2681 oder
655 2636 685 2681 ru
708 2633 797 2696 Jahrb.
818 2633 857 2681 des
876 2632 932 2681 MS.
951 2635 993 2682 lat.
1016 2634 1081 2682 1385
1096 2641 1122 2696 p.
1142 2636 1236 2692 6-15,
1261 2634 1304 2681 der
1320 2635 1409 2699 iifferrtl.
1428 2633 1477 2698 kgr.
1496 2633 1625 2681 Bibliothek
1643 2648 1671 2679 arr
1691 2630 1825 2679 aruncum.

315 2703 409 2752 Himu
432 2704 542 2769 gelinge
569 2704 763 2769 Beruerkungm:
788 2705 934 2753 Irnmediate
961 2720 1057 2752 annexa
1085 2713 1138 2754 sunt
1166 2704 1247 2753 bullae
1275 2705 1386 2753 Adriani.
1407 2733 1439 2740 -
1465 2705 1537 2752 Hanc
1566 2705 1657 2753 bullam
1685 2704 1826 2766 procuravit

172 2774 299 2838 inperatrix
309 2776 480 2824 Romanorum
499 2776 614 2825 Rirzuina
634 2784 657 2824 et
668 2777 756 2838 Maria,
775 2790 848 2824 soror
867 2776 927 2837 eius,
947 2777 1089 2840 imperatrix
1108 2777 1255 2837 Grecorum,
1276 2777 1348 2824 ambe
1367 2775 1417 2824 srlie
1436 2777 1533 2825 comitis
1542 2775 1642 2825 Ottonis
1661 2774 1692 2823 de
1706 2775 1826 2823 Wolsort·

171 2844 249 2894 hausen
277 2847 310 2893 ad
337 2846 489 2910 peticionem
515 2849 592 2911 patris
620 2863 712 2895 earum.
736 2876 768 2883 —
785 2854 809 2909 p.
830 2853 861 2894 u:
887 2848 958 2896 Bulla
978 2848 1128 2896 eruditorum
1152 2848 1297 2911 quibusdam
1325 2848 1444 2896 scandalo
1468 2847 1546 2895 suerit.
1585 2848 1712 2896 Collector
1738 2847 1826 2910 pinse

171 2919 248 2966 tumulo
266 2919 367 2966 veniam
387 2925 471 2982 rogat:
497 2918 657 2967 substantiam
683 2927 766 2967 tamen
790 2934 819 2967 ex
847 2918 937 2966 chartis
956 2920 980 2967 in
1005 2920 1072 2967 fossa
1091 2920 1250 2968 subterranea
1270 2935 1316 2968 una
1340 2935 1396 2967 cum
1415 2919 1511 2968 ossibus
1529 2918 1631 2968 fratrum
1651 2918 1825 2966 Werdensium

171 2991 269 3052 repertis,
296 2990 423 3053 nimiaque
451 2996 572 3038 vetustate
600 3006 629 3038 ac
649 2990 726 3039 multa
753 2990 911 3053 corruptione
930 2990 1025 3039 detritis
1045 2990 1182 3051 confirmat,
1208 2992 1315 3039 sormam
1334 3006 1403 3053 vero,
1431 2991 1489 3054 quia
1515 2991 1635 3054 integram
1664 2990 1757 3037 habere
1776 3004 1826 3037 nou

170 3062 234 3122 potnit
252 3077 283 3109 ex
301 3070 372 3125 parte
391 3062 509 3125 propriae
528 3062 654 3110 innocenti
673 3062 792 3110 adscribit
810 3063 996 3125 praesumtioni.
1015 3091 1047 3098 —
1063 3070 1090 3125 p.
1110 3065 1158 3110 90:
1184 3063 1269 3111 Bullae
1288 3062 1393 3111 Adriani
1420 3063 1501 3111 torma
1525 3077 1575 3110 non
1601 3068 1638 3110 est
1656 3061 1763 3125 genuina
1781 3060 1826 3109 sed

171 3133 232 3195 apio
258 3133 383 3196 scriptore
411 3149 442 3182 ex
470 3133 615 3196 fragmentis
641 3134 748 3182 collecta
767 3139 790 3182 et
809 3149 840 3180 ex
858 3134 952 3196 ingenii
971 3134 1128 3198 simplicitate
1155 3134 1190 3181 sic
1209 3141 1356 3183 constructa.
1377 3162 1408 3169 —
1429 3135 1513 3182 Annus
1528 3134 1609 3194 datae,
1637 3139 1757 3181 vetustate
1776 3147 1827 3179 non

170 3202 218 3251 nihil
234 3211 386 3268 expunctus,
405 3204 556 3253 existimatur
574 3216 690 3254 neuun.
735 3203 895 3253 Pontificatus
922 3205 1025 3254 Adriani
1044 3206 1117 3254 udus.
1141 3233 1172 3240 -
1199 3205 1347 3270 Fdlsclumg,
1370 3204 1460 3253 rraleau
1479 3206 1574 3253 iiberall
1594 3205 1731 3253 crkerurbar.
1770 3203 1828 3251 Nur

170 3275 243 3340 mage
265 3275 345 3323 lleile
363 3275 406 3324 der
427 3276 543 3325 Urkuude
560 3277 618 3324 ηἠἄ
632 3277 695 3325 eracli
720 3276 820 3340 Vorlage
837 3276 901 3324 einer
915 3276 1062 3339 pri'pstliclrcn
1081 3277 1152 3324 Bulle
1172 3279 1285 3339 gestella.
1323 3277 1378 3324 Das
1401 3276 1564 3341 nrangellruste
1583 3277 1666 3324 Lulein
1686 3292 1745 3339 treug
1760 3274 1826 3323 ticil-

170 3348 213 3393 rueis
233 3347 287 3409 auf
305 3347 344 3395 die
366 3349 431 3409 spite
455 3347 580 3410 Abschrrfl
601 3348 811 3411 utriickmfiilrrm
835 3348 896 3405 scin,
923 3349 990 3395 nrelr
1006 3347 1141 3412 jedensalls
1164 3349 1216 3412 ares
1228 3348 1273 3396 den
1298 3347 1460 3412 ungebildelen
1477 3349 1555 3396 Autor
1578 3349 1618 3395 des
1639 3348 1742 3395 Ganun.
1779 3347 1827 3394 Die

170 3417 284 3483 Dasmeng
299 3419 332 3466 irt
346 3418 472 3467 theilweise
488 3420 598 3484 offendar
614 3419 677 3468 eracli
695 3420 760 3467 einer
777 3419 980 3468 Alexanderslll
990 3420 1107 3484 gentardi,
1127 3420 1206 3469 dessen
1225 3422 1304 3470 iosus
1323 3419 1521 3486 Pontifikatsjalrr
1529 3421 1595 3484 still!
1612 3417 1741 3468 MCLXX
1742 3417 1826 3467 VIIII.

899 3704 965 3778 ΝΥ.
998 3707 1083 3778 176.

112 3788 114 3801 =
166 3832 310 3898 Hadrian
335 3835 359 3898 I
365 3833 538 3919 Vbefielzlt
559 3835 620 3898 den
645 3834 968 3918 Psarrangelriirigen
991 3857 1051 3898 von
1074 3836 1141 3899 San
1157 3836 1325 3900 Salvatore
1348 3836 1387 3900 di
1411 3834 1554 3914 Veneria,
1578 3836 1686 3899 dieser
1707 3832 1827 3897 Kr'rclre

443 3922 497 3986 die
514 3923 569 3987 ilar
581 3924 794 3988 austelzenden
811 3923 952 3987 Zelrnten
967 3925 1046 3987 olene
1071 3925 1295 4009 Wirlerspruclr
1309 3946 1349 3990 au
1364 3924 1479 3988 zallen
1498 3928 1534 4009 ¹).

701 4042 913 4102 1157-1158
936 4040 1033 4103 Meira
1055 4044 1085 4103 4.
1132 4042 1285 4105 Lateran.

315 4171 483 4234 Adrianus
506 4173 700 4255 episcopus,
731 4194 841 4237 servus
868 4194 1036 4237 servorum
1060 4175 1128 4249 dei,
1162 4175 1289 4238 dilectis
1313 4174 1401 4250 filiis,
1433 4175 1588 4237 universis
1620 4171 1827 4256 parochianis

161 4262 290 4326 ecclesie
306 4263 411 4323 sancti
428 4258 611 4334 Salvatoris,
634 4263 772 4326 salutem
794 4271 828 4326 et
842 4263 1055 4345 apostolicam
1072 4263 1344 4327 benedictionem.
1383 4264 1547 4328 Dilectum
1565 4263 1662 4325 filium
1680 4268 1826 4324 nostrum

161 4349 366 4437 Glirardum),
383 4351 521 4431 priorem
539 4359 691 4426 vestrum,
715 4352 756 4413 ad
773 4353 886 4415 sedern
902 4353 1116 4434 apostolicam
1133 4356 1326 4428 venientem,
1350 4373 1397 4427 ea,
1414 4374 1478 4435 que
1494 4353 1611 4428 decuit,
1627 4351 1827 4433 benignitate

160 4443 349 4523 recepimus,
380 4447 414 4502 et
445 4440 476 4500 in
505 4441 571 4502 suis
595 4440 807 4521 petitionibus
838 4462 911 4504 eum
946 4443 1125 4510 curavimus
1155 4443 1318 4505 exaudire.
1364 4442 1456 4505 Ilium
1489 4445 1598 4522 itaque
1630 4442 1672 4504 ad
1704 4460 1764 4503 vos
1794 4448 1827 4503 et

159 4531 367 4593 commissam
407 4527 468 4590 sibi
508 4528 676 4591 ecclesiam
707 4550 780 4592 cum
811 4533 915 4612 gratia
945 4532 1033 4593 sedis
1071 4532 1252 4613 apostolice
1291 4540 1423 4595 auctore
1454 4532 1589 4594 domino
1627 4531 1827 4604 redeuntem,

159 4619 358 4682 universitati
381 4623 488 4680 vestre
511 4618 664 4681 duximus
687 4621 842 4682 attentius
866 4621 1137 4695 comendandum,
1171 4641 1230 4704 per
1252 4621 1434 4703 apostolica
1463 4623 1584 4702 scripta
1615 4618 1826 4701 precipiendo

158 4708 360 4777 mandantes,
385 4715 543 4786 quatenus
566 4707 719 4782 decimas,
743 4728 807 4788 que
831 4730 890 4790 per
914 4710 1081 4791 privilegia
1096 4710 1245 4795 Romane
1270 4710 1408 4789 ecclesie
1432 4718 1465 4772 et
1488 4710 1656 4773 diocesani
1680 4708 1825 4790 episcopi

158 4799 312 4860 canonice
335 4804 410 4857 sunt
432 4795 568 4880 ecclesie
594 4816 651 4880 sue
682 4816 846 4882 concesse,
877 4799 946 4860 sine
969 4800 1228 4862 contradictione
1251 4800 1357 4880 aliqua
1382 4801 1413 4862 in
1437 4802 1597 4881 integrum
1626 4797 1826 4880 persolvatis,

158 4887 195 4949 ab
218 4885 343 4949 eodem
368 4887 476 4966 priore
499 4893 656 4947 consueta
679 4888 855 4950 securitate
878 4896 1028 4969 accepta;
1052 4888 1194 4968 alioquin
1217 4889 1419 4963 sententiam,
1450 4907 1549 4968 quam
1574 4888 1661 4950 idern
1687 4887 1774 4968 prior
1796 4887 1826 4947 in

158 4976 282 5056 aliquos
298 4981 443 5036 vestrum
461 4981 596 5056 propter
610 4973 674 5037 hoc
691 4977 845 5038 canonice
861 4977 1125 5059 promulgaverit,
1141 4998 1200 5040 nos
1216 4986 1349 5041 auctore
1365 4978 1430 5040 deo
1446 4985 1547 5040 ratam
1564 4976 1768 5039 habebimus.
1784 5011 1828 5021 -

159 5063 277 5127 Datum
302 5061 463 5137 Laterani,
486 5076 537 5126 1111
560 5062 646 5125 Non.
671 5062 788 5127 Martii.

315 5177 442 5240 Abschrist
457 5192 512 5225 vom
531 5179 563 5225 16
584 5177 679 5242 Jahrb.
698 5179 738 5227 des
760 5179 816 5229 Cod.
840 5181 893 5230 Vat.
914 5181 984 5230 6085
1000 5188 1024 5244 p.
1045 5181 1116 5239 mh,
1136 5181 1162 5229 in
1180 5181 1223 5231 der
1240 5181 1303 5231 Bibl.
1328 5182 1444 5231 Vaticana
1461 5197 1490 5229 au
1509 5183 1578 5231 Rom.

367 5322 580 5329 —----——-.—-

315 5384 341 5448 a)
360 5383 407 5431 Am
425 5381 521 5439 Rande,
547 5381 579 5430 im
608 5383 677 5431 Teate
700 5383 760 5432 nulli
868 5383 894 5445 b)
913 5400 953 5432 am
978 5385 1076 5445 Runde,
1103 5384 1136 5432 im
1160 5385 1229 5433 Teate
1246 5391 1345 5448 poterat
1454 5387 1478 5449 c)
1496 5402 1519 5434 a.
1539 5388 1580 5445 R„
1606 5385 1621 5437 i.
1645 5386 1674 5435 Τ.
1694 5386 1828 5435 exaciones

160 5452 183 5515 d)
201 5470 225 5503 a.
243 5455 285 5512 R„
303 5452 319 5505 ι’.
343 5454 372 5502 Τ.
391 5452 565 5501 deliberassint
672 5458 697 5517 e)
716 5470 739 5504 a.
759 5455 798 5513 R,
818 5454 833 5504 i.
857 5455 885 5503 T.
905 5455 1016 5504 themere
1124 5457 1145 5520 s)
1165 5474 1188 5504 a.
1207 5459 1246 5516 R,
1265 5458 1280 5504 i.
1304 5457 1334 5507 Τ.
1352 5458 1501 5521 presumpsit
1609 5460 1636 5522 g)
1655 5475 1678 5505 a.
1698 5459 1739 5516 R,
1758 5458 1773 5505 i.
1798 5458 1826 5506 Τ.

161 5526 294 5574 comunitus
383 5523 411 5583 hl
429 5540 453 5577 a.
473 5525 512 5583 R„
532 5524 547 5572 i.
571 5524 598 5572 Τ,
618 5525 671 5573 Rae
761 5526 779 5585 i)
800 5524 856 5573 MS.
865 5536 875 5573 :
901 5527 1003 5575 Numeri
1022 5527 1129 5575 Romani
1154 5528 1186 5576 ad
1206 5528 1386 5592 designandum
1406 5529 1477 5578 huius
1502 5530 1617 5578 informis
1636 5529 1718 5578 bullae
1737 5545 1826 5579 annum

160 5603 276 5646 vetustate
295 5610 347 5646 non
366 5595 427 5644 nihil
452 5596 567 5660 expuncti
591 5611 681 5645 annum
706 5602 799 5646 certum
822 5598 846 5644 in
866 5597 920 5648 MS.
941 5598 1056 5662 originali
1081 5598 1246 5649 determinare
1272 5615 1322 5648 non
1347 5608 1459 5665 possunt.
1518 5606 1586 5666 ‚..1J.
1612 5601 1689 5667 Vergl.
1710 5601 1747 5650 dic
1767 5601 1826 5652 urk.

160 5682 209 5717 vom
227 5672 258 5718 11
280 5667 338 5717 Mai
357 5669 528 5716 troo-1179
547 5668 603 5716 und
619 5667 699 5733 Jaffl,
718 5671 776 5734 Reg.
796 5671 871 5719 ⁶512.
