3982 6194
234 261 279 326 94

235 452 367 515 quoque
390 429 553 495 fructuum
576 427 727 493 laborum
743 434 935 505 vestrorum,
959 450 1044 512 quos
1067 430 1206 513 propriis
1230 428 1380 494 excolitis
1402 429 1595 513 sumptibus,
1618 431 1745 514 quietas
1767 433 1865 499 vobis
1885 435 1914 514 ι)

235 532 268 587 et
291 521 430 586 illibatas
455 539 586 584 manere
610 520 830 596 concedimus,
861 539 923 583 nec
945 541 1005 584 vos
1037 541 1136 603 super
1165 518 1229 583 hoc
1252 527 1308 583 aut
1330 521 1372 584 ab
1396 519 1560 602 episcopis
1584 521 1686 600 autb)
1718 521 1762 587 ab
1795 544 1912 588 eorum

235 613 388 676 ministris
420 610 591 691 inquietari
622 610 851 691 permittimus.
896 609 952 672 Ad
974 613 1000 691 c)
1032 610 1181 673 inditium
1212 616 1331 684 autem,
1366 610 1457 690 quod
1489 609 1651 692 prefatum
1675 615 1913 678 monasterium

233 710 420 765 sanctorum
436 699 534 762 Firmi
558 706 591 761 et
612 698 738 762 Rustici
761 698 849 762 beati
864 699 950 762 Petri
973 698 1047 762 iuris
1071 701 1199 774 existat,
1223 698 1308 762 duos
1331 719 1447 762 aureos
1471 701 1645 778 quotannis
1665 701 1762 765 nobis
1778 705 1913 766 nostris·

235 812 299 872 que
321 789 563 854 successoribus
587 786 787 871 persolvetis.
825 785 861 851 Si
885 790 958 869 quis
982 788 1085 870 igitur,
1108 787 1202 851 huius
1218 797 1328 876 nostre
1345 787 1599 852 confirmationis
1619 797 1653 853 et
1669 794 1914 856 commissionis

235 881 387 965 paginam
411 880 524 955 sciens,
551 888 665 942 contra
697 898 769 941 eam
793 885 917 941 temere
940 880 1050 941 venire
1080 879 1299 960 temptaverit,
1330 879 1477 942 secundo
1509 880 1648 943 tertiove
1681 884 1914 958 commonitus,

235 964 296 1034 nisi
320 969 539 1034 satisfactione
563 987 708 1050 congrua
731 966 960 1042 emendaverit,
989 987 1079 1030 reum
1111 988 1147 1029 se
1178 967 1291 1031 divino
1321 967 1443 1031 iudicio
1475 969 1617 1032 existere
1648 968 1692 1032 de
1722 979 1915 1054 perpetrata

235 1060 404 1141 iniquitate
439 1056 646 1141 co(g)noscat
678 1064 777 1136 atque
806 1057 838 1119 in
873 1065 1023 1120 extremo
1054 1057 1205 1120 examine
1235 1057 1383 1121 districte
1413 1057 1526 1121 ultioni
1555 1059 1732 1123 subiaceat.
1778 1059 1915 1125 Cunctis

234 1157 343 1213 autem
368 1148 429 1212 hec
452 1145 702 1211 observantibus
720 1145 750 1226 d)
772 1147 814 1208 sit
841 1166 909 1228 pax
932 1146 1057 1209 domini
1080 1148 1182 1209 nostri
1206 1144 1279 1209 lesu
1303 1145 1438 1222 Christi,
1462 1148 1614 1227 quatinus
1637 1156 1671 1211 et
1694 1148 1746 1213 hic
1770 1149 1913 1214 fructum

234 1239 321 1326 bone
344 1239 481 1302 actionis
501 1233 707 1323 [percipiant
737 1243 770 1298 et
799 1235 888 1318 apud
920 1235 1104 1299 districtum
1138 1235 1278 1298 iudicem
1311 1239 1437 1318 premia
1468 1244 1579 1324 eterne
1611 1239 1701 1321 pacis
1733 1240 1913 1304 inveniant.

234 1326 355 1391 Amen.
380 1363 424 1375 -
447 1326 537 1391 Am.
560 1326 682 1389 Amen.

449 1417 509 1496 (R)
534 1416 607 1498 Ego
630 1414 794 1497 Eugenius
818 1411 980 1500 catholice
1003 1414 1141 1502 ecclesie
1164 1414 1342 1498 episcopus
1366 1434 1407 1476 ss.
1433 1412 1502 1497 (M)

447 1542 491 1552 -
512 1506 533 1586 †
556 1504 629 1586 Ego
654 1502 826 1567 Hubaldus
849 1503 1011 1585 presbiter
1034 1498 1205 1567 cardinalis
1229 1505 1277 1566 tit.
1299 1511 1413 1566 sancte
1435 1504 1592 1568 Praxedis
1616 1526 1657 1567 ss.

446 1599 467 1675 †
490 1597 564 1678 Ego
587 1592 761 1657 Hubaldus
784 1592 947 1675 presbiter
970 1592 1140 1656 cardinalis
1162 1593 1210 1655 tit.
1234 1593 1337 1656 sancti
1361 1591 1514 1656 iohannis
1538 1602 1572 1657 et
1593 1595 1684 1659 Pauli
1708 1616 1751 1659 ss.
1775 1593 1831 1680 (1)

446 1684 467 1767 †
490 1684 564 1767 Ego
585 1682 762 1747 Aribertus
784 1682 947 1764 presbiter
970 1682 1140 1744 cardinalis
1164 1684 1214 1745 tit.
1237 1690 1349 1769 sancte
1372 1680 1548 1770 Anastasis
1570 1704 1613 1746 ss.

446 1773 468 1856 †
490 1772 563 1857 Ego
586 1770 686 1836 lulius
709 1771 870 1854 presbiter
893 1769 1064 1835 cardinalis
1088 1773 1135 1834 tit.
1159 1772 1263 1835 sancti
1288 1771 1433 1835 Marcelli
1456 1791 1499 1834 ss.

447 1899 491 1910 -
513 1866 534 1942 †
557 1863 630 1945 Ego
655 1861 757 1926 Oddo
779 1860 936 1923 diaconus
959 1860 1130 1924 cardinalis
1154 1863 1257 1924 sancti
1282 1859 1414 1944 Georgii
1437 1861 1479 1924 ad
1503 1860 1624 1926 Velum
1648 1881 1782 1926 aureum
1806 1860 1914 1946 ss‚(2)

447 1956 469 2032 †
492 1953 564 2035 Ego
588 1951 751 2016 lohannes
775 1950 934 2013 diaconus
957 1948 1131 2013 cardinalis
1153 1958 1265 2014 sancte
1290 1951 1392 2015 Marie
1415 1950 1512 2015 Nove
1535 1972 1577 2016 ss.

447 2040 564 2124 †Ego
588 2040 698 2104 Guido
721 2041 880 2103 diaconus
903 2038 1077 2103 cardinalis
1101 2047 1212 2103 sancte
1237 2040 1341 2104 Marie
1365 2041 1397 2102 in
1422 2041 1552 2106 Porticu
1576 2062 1618 2105 ss.

447 2131 467 2212 †
489 2133 564 2213 Ego
587 2131 725 2195 lacintus
749 2129 904 2192 diaconus
928 2128 1100 2192 cardinalis
1123 2137 1235 2193 sancte
1259 2130 1361 2193 Marie
1384 2130 1415 2193 in
1439 2130 1633 2213 Cosmydyn
1657 2151 1698 2194 ss.
1722 2127 1777 2214 (ι)

394 2220 470 2284 Dat.
494 2222 614 2309 Brixie‚
637 2240 696 2304 per
719 2240 851 2282 manum
869 2218 1056 2295 GUIDONIS,
1080 2226 1191 2306 sancte
1211 2216 1238 2303 e)
1261 2220 1411 2308 Romane
1430 2223 1459 2301 e)
1483 2221 1617 2309 ecclesie
1637 2219 1665 2306 e)
1689 2219 1820 2283 diaconi
1847 2240 1913 2282 car·

235 2309 353 2374 dinalis
386 2318 420 2373 et
451 2309 691 2388 cancellariis).
737 2309 900 2372 v1111dus
924 2306 1137 2392 Septembris.
1182 2308 1365 2373 indictione
1388 2325 1436 2374 xl.
1481 2311 1714 2375 Incamationis
1746 2309 1913 2396 dominice

236 2420 322 2462 anno
345 2412 515 2463 MCXLVIII.
561 2398 774 2463 Pontificatus
796 2418 875 2461 vero
899 2399 1012 2461 domni
1037 2398 1191 2461 EUGENH
1213 2399 1272 2462 ΡΡ.
1297 2414 1334 2461 111
1357 2419 1443 2463 anno
1466 2417 1526 2461 1111.

399 2515 441 2564 Or.
460 2513 494 2563 im
511 2513 625 2564 Archivio
644 2514 671 2563 di
688 2514 756 2563 Stolo
773 2529 803 2562 su
822 2511 943 2562 Mailand.

397 2587 466 2651 Perg.
485 2586 545 2645 siat,
571 2588 607 2636 br.
627 2588 713 2648 0308,
736 2588 796 2651 lang
813 2585 900 2645 0,516,
927 2590 1001 2633 umen
1021 2583 1101 2643 0,025
1125 2585 1320 2651 umgesclrlagen,
1345 2585 1423 2635 durch
1446 2586 1505 2634 arvei
1527 2585 1620 2636 Licher
1638 2584 1696 2650 gelre
1719 2585 1756 2634 die
1774 2602 1831 2634 rosa
1850 2585 1913 2633 dick-

228 2658 317 2725 fiidige
350 2657 537 2718 Scidensclmur,
574 2658 645 2708 deren
674 2658 754 2723 Sicgel
781 2659 896 2706 verlrren.
942 2657 1049 2721 Faltung
1082 2656 1126 2703 der
1154 2656 1251 2705 Bullen.
1293 2656 1403 2707 Inr'liale:
1440 2657 1608 2722 Umiaffm,
1638 2657 1671 2705 im
1701 2657 1801 2706 imum
1832 2657 1913 2722 Bogen

236 2731 340 2789 venr'ert,
359 2730 397 2779 die
413 2730 425 2778 i
440 2730 496 2778 und
511 2735 534 2779 ct
553 2729 829 2795 Spitswr'ckelschniirkrl.
865 2728 1021 2793 Veram'gung
1037 2727 1084 2776 Nr.
1104 2727 1165 2788 rPt,
1192 2727 1330 2794 diinnlim'g,
1340 2729 1410 2793 fiillt
1426 2746 1477 2778 nur
1494 2730 1581 2789 0,034.
1618 2726 1837 2793 Konscrr‘ptschrr'st
1860 2729 1915 2778 sehr

235 2802 336 2861 rr'erlr‘ch,
361 2802 398 2850 die
414 2809 473 2851 erste
490 2802 580 2867 Hri'lflc
597 2801 631 2850 bis
655 2801 818 2866 permittimus
842 2800 901 2849 helle
920 2801 1003 2858 Dinre,
1028 2814 1111 2847 ausser
1127 2800 1303 2850 committimus
1328 2806 1383 2863 (vor
1401 2801 1531 2863 decimas),
1549 2801 1621 2850 dieses
1642 2801 1698 2848 und
1719 2800 1761 2850 der
1779 2801 1845 2860 Rest,
1867 2817 1914 2850 von

236 2874 277 2924 Ad
304 2873 416 2923 inditium
444 2890 485 2933 an,
516 2874 696 2922 dunkelhraunc
719 2871 802 2921 Dinte.
840 2871 919 2936 gmit
942 2871 1143 2936 Schler'fensattrl,
1172 2870 1316 2921 Zeilenwer're
1334 2874 1421 2931 0,018.
1458 2873 1507 2922 Dic
1531 2873 1659 2938 Datinmg
1683 2871 1743 2939 reigt
1764 2872 1855 2921 ror'cder
1877 2872 1914 2921 die

236 2947 321 2995 kellere
338 2945 415 2994 Dinte
432 2945 476 2994 der
495 2944 638 3009 Oberlui‘lsle,
667 2944 790 2994 Guidonis
808 2944 853 2991 mit
870 2944 1000 2993 dunklercr
1016 2942 1175 3007 cingetragen.
1210 2942 1259 2992 Dic
1276 2943 1417 3009 Mosirskeln
1439 2946 1479 2995 des
1496 2943 1676 3008 Hauptkdrpers
1693 2944 1771 2995 beton!
1786 2944 1845 2993 oder
1861 2959 1914 2993 ver·

236 3018 298 3066 riert.
336 3017 400 3065 Drer'
415 3018 492 3066 Amen
510 3017 558 3066 Nr.
579 3019 595 3065 7
613 3015 736 3065 schlr‘essen
762 3015 799 3063 die
817 3017 880 3064 letrtc
898 3015 967 3064 Zeile.
1004 3016 1065 3062 Rota
1083 3014 1130 3062 Nr.
1151 3017 1173 3072 1,
1200 3016 1244 3063 das
1262 3015 1411 3065 Innenkreur
1434 3016 1483 3066 sich
1506 3031 1581 3082 gegen
1599 3015 1670 3064 Ende
1693 3016 1736 3065 der
1753 3017 1850 3066 Balken
1874 3017 1913 3064 ein

236 3089 316 3154 remig
329 3088 479 3147 verdickend,
499 3088 676 3137 Durclrmesser
687 3089 756 3147 o,05,
775 3087 836 3135 steht
852 3101 899 3135 von
917 3087 962 3136 der
977 3088 1057 3136 lernen
1071 3084 1132 3134 er'lc
1149 3087 1179 3134 ab
1188 3088 1249 3151 fast
1264 3088 1333 3147 0,01,
1354 3103 1409 3136 vom
1429 3087 1611 3154 Monogramme
1622 3090 1648 3150 0,
1654 3089 1709 3137 147.
1742 3087 1913 3154 Mmgramm

236 3160 369 3224 diinnlr'nr'g
387 3159 433 3209 Nr.
453 3162 490 3219 7⁶,
508 3159 567 3208 hock
586 3162 656 3220 0,0d,
674 3159 734 3210 breit
751 3160 837 3219 0,028.
874 3160 929 3208 Das
947 3158 1083 3223 Rr'ngkrrus
1105 3158 1195 3206 scheint
1211 3174 1258 3207 von
1284 3160 1414 3208 dunklerer
1429 3161 1505 3209 Dinte
1528 3160 1584 3208 und
1599 3158 1710 3223 spalmer
1726 3159 1803 3209 leder
1820 3161 1859 3208 als
1876 3160 1915 3208 die

241 3232 405 3297 Utrterschrilt
420 3231 591 3291 haerruritlrrm,
606 3232 694 3298 gleirlrt
711 3247 752 3280 om
770 3229 865 3279 nrer‘sten
884 3230 1021 3288 Guidonis;
1051 3228 1187 3294 vmsctryr
1207 3229 1282 3278 kleine
1300 3231 1395 3296 Scln'lt
1419 3232 1475 3281 und
1488 3230 1564 3280 Dr'rrte
1579 3232 1634 3296 fiir
1657 3229 1714 3281 sich.
1749 3231 1798 3280 Die
1817 3230 1915 3296 Zeugrn

236 3304 341 3352 rr‘emliclr
358 3303 434 3352 sicher
451 3311 522 3353 unm
538 3304 586 3352 sich
605 3320 652 3352 uon
667 3302 772 3369 gleicher
788 3302 869 3350 Hand
882 3303 939 3351 und
953 3301 1036 3361 Dintt,
1061 3299 1098 3349 die
1115 3301 1243 3351 Diakonm
1260 3302 1339 3352 slehen
1358 3320 1422 3369 gorra
1447 3303 1511 3353 links
1528 3318 1583 3352 vom
1601 3301 1792 3368 Monogramme,
1811 3305 1872 3368 sart
1889 3303 1916 3352 in

237 3375 280 3425 der
297 3375 368 3425 Reile
383 3375 427 3424 der
443 3376 560 3440 Brichose.

995 3674 1061 3750 Nr.
1093 3679 1154 3750 92.

239 3812 351 3897 Eugen
377 3812 442 3876 III
457 3811 575 3876 nimmt
593 3812 655 3876 das
679 3808 934 3875 Nonnenkloster
954 3806 1045 3872 Sans
1060 3808 1234 3892 Ambrogio
1258 3811 1298 3874 di
1316 3812 1497 3877 Monticelli
1510 3812 1569 3894 (D.
1595 3811 1711 3897 Siena)
1736 3811 1770 3876 in
1792 3820 1917 3896 aposto-

608 3900 729 3966 lisclzen
753 3898 872 3964 Schutz
895 3899 967 3963 und
991 3897 1144 3984 bestdtigt
1162 3899 1275 3964 dessen
1298 3899 1541 3967 Besr'trtlzzimer.

829 4017 913 4078 1148
930 4014 1111 4080 November
1127 4017 1183 4081 29.
1213 4015 1321 4080 Sieno.

396 4136 563 4218 Eugenius
594 4135 780 4218 episcopus,
812 4152 924 4196 servus
955 4151 1122 4196 servorum
1154 4133 1215 4208 dei,
1246 4133 1367 4198 dilecte
1398 4136 1429 4198 in
1454 4134 1584 4200 Christo
1615 4134 1679 4223 filie
1707 4133 1919 4211 Ermeilinae,

237 4225 403 4313 abbatisse
427 4225 616 4288 monasterii
646 4225 750 4286 sancti
773 4221 944 4288 Ambrosii
978 4223 1019 4286 de
1042 4220 1157 4285 Monte
1181 4221 1333 4301 Cellensi,
1368 4221 1513 4310 [eiusque
1536 4222 1726 4313 sororibus]‚
1749 4233 1819 4288 tam
1842 4244 1918 4307 pre·

237 4316 384 4379 sentibus
407 4334 505 4395 quam
522 4315 644 4388 suturis
667 4312 848 4396 regularem
870 4315 970 4376 vitam
991 4309 1159 4394 professis,
1179 4313 1210 4375 in
1226 4321 1432 4396 perpetuum.
1471 4317 1527 4379 Pie
1544 4313 1721 4398 postulatio
1737 4314 1919 4378 voluntatis

238 4401 368 4490 effectlu
392 4405 495 4468 debet
517 4410 760 4486 prosenquente
784 4399 962 4489 compleri],
995 4409 1031 4464 ut
1060 4399 1246 4464 devotionis
1269 4403 1435 4467 sinceritas
1462 4404 1665 4469 laudabiliter
1693 4405 1851 4468 enitescat
1883 4413 1919 4467 et

238 4495 360 4559 utilitas
383 4493 549 4576 postulata
571 4494 656 4556 vires
680 4490 902 4555 indubitanter
924 4498 1077 4555 assumat
1108 4489 1157 4553 Ea
1181 4499 1327 4574 propter,
1352 4490 1483 4579 [dilecta
1505 4495 1537 4556 in
1560 4494 1694 4557 domina
1712 4490 1798 4579 filia],
1822 4494 1918 4555 iustis

239 4583 513 4668 postulationibus
536 4582 714 4646 clementer
737 4580 905 4645 annuimus
929 4590 962 4645 et
985 4579 1147 4663 prelatum
1171 4584 1415 4659 monasterium,
1440 4586 1472 4647 in
1496 4604 1562 4664 quo
1585 4580 1708 4669 [divino
1729 4582 1918 4664 mancipate

239 4675 317 4738 estis
341 4673 512 4756 obsequio,
543 4672 605 4735 sub
630 4672 719 4735 beati
750 4672 836 4733 Petri
861 4679 894 4734 et
926 4679 1038 4734 nostra
1069 4669 1288 4758 protectione]
1319 4675 1515 4756 suscipimus
1545 4681 1579 4736 et
1611 4673 1771 4754 presentis
1801 4671 1918 4754 scripti

239 4763 409 4847 privilegio
425 4762 673 4825 communimus.
705 4761 901 4837 Statuentes‚
918 4757 965 4847 [ut
980 4779 1205 4841 quascumque
1221 4765 1454 4842 possessiones,
1479 4781 1685 4842 quecumque
1704 4762 1792 4825 bona
1814 4758 1918 4849 idem]

240 4854 474 4916 monasterium
507 4853 540 4914 in
573 4852 811 4934 presentiarum
841 4851 925 4914 iuste
955 4860 989 4915 et
1011 4849 1167 4913 canonice
1191 4852 1354 4932 possidet,
1387 4860 1442 4914 aut
1469 4851 1500 4913 in
1530 4851 1672 4914 iuturum
1701 4850 1928 4914 concessione·

239 4941 442 5025 pontificum,
464 4941 636 5024 largitione
670 4960 784 5022 regum
812 4947 867 5002 aut
895 4941 1086 5023 principum,
1114 4937 1280 5003 oblatione
1311 4939 1455 5004 fidelium
1487 4960 1544 5003 seu
1576 4939 1644 5003 aliis
1674 4941 1768 5003 iustis
1797 4940 1920 5016 modis,

239 5040 406 5113 prestante
429 5030 573 5106 domino,
598 5031 719 5112 poterit
742 5028 888 5112 adipisci,
912 5030 1004 5093 firma
1028 5027 1122 5092 vobis
1146 5028 1257 5105 ethis,
1281 5048 1365 5108 quae
1381 5031 1476 5094 vobis
1495 5031 1720 5107 successerint,
1744 5037 1777 5093 et
1792 5029 1929 5093 illibata·

239 5128 461 5204 permaneant.
506 5119 542 5182 In
566 5120 684 5199 quibus
706 5118 789 5183 haec
813 5120 952 5202 propriis
975 5118 1129 5182 duximus
1152 5120 1368 5200 exprimenda
1391 5119 1574 5184 vocabulis:
1612 5119 1782 5183 ecclesiam
1812 5120 1920 5183 saneti

239 5209 461 5274 Bartholomei
484 5209 515 5272 in
540 5207 732 5291 Quoscona,
756 5208 926 5273 ecclesiam
951 5210 1054 5272 sancti
1078 5207 1211 5273 Fabiani
1234 5207 1278 5271 de
1301 5209 1478 5292 Arginano,
1510 5208 1680 5273 ecclesiam
1711 5210 1814 5273 sancti
1837 5205 1919 5271 Bar·

238 5298 399 5363 tholomei
423 5300 466 5363 de
489 5300 631 5376 Tavena,
663 5299 796 5383 plebem
825 5301 929 5363 sancti
952 5299 1082 5362 Martini
1113 5297 1155 5359 de
1178 5296 1359 5375 Ancaiano,
1390 5298 1563 5362 ecclesiam
1594 5306 1705 5362 sancte
1729 5300 1918 5384 Margarite,

239 5388 372 5471 plebem
400 5389 444 5453 de
467 5388 621 5467 Martura,
654 5389 788 5472 piebem
820 5389 863 5454 de
886 5388 1046 5465 Tabiano,
1077 5386 1247 5452 ecclesiam
1271 5397 1383 5477 sancte
1407 5387 1526 5453 Cecilie
1558 5389 1601 5453 de
1624 5389 1739 5454 Monte
1762 5388 1918 5475 Piscario,

399 5586 425 5655 a)
449 5575 511 5636 Uber
525 5589 578 5637 dem
595 5588 604 5637 i
622 5591 707 5638 Rancr
729 5585 793 5636 eiam
813 5586 944 5651 Oberlc'inge
1051 5585 1078 5651 b)
1096 5585 1155 5634 iiber
1178 5584 1231 5633 dem
1249 5590 1258 5633 t
1277 5587 1361 5635 Rasur
1378 5584 1442 5637 einer
1462 5585 1593 5650 Oberldnge
1702 5581 1727 5647 c)
1745 5598 1793 5632 von
1817 5581 1871 5633 hier
1885 5599 1918 5633 an

239 5656 336 5724 bcginnt
352 5656 402 5709 einr
418 5659 533 5710 dunklere
550 5659 625 5710 Dirrte
697 5658 725 5726 d)
743 5658 792 5708 hec
811 5659 886 5709 obser
904 5659 957 5723 ares
970 5659 1053 5705 ll'asur
1124 5657 1149 5723 e)
1168 5657 1220 5722 auf
1233 5658 1318 5707 Ramr
1389 5658 1412 5722 i)
1432 5659 1477 5706 das
1495 5673 1510 5706 n
1529 5656 1607 5706 durch
1625 5657 1760 5707 Korrecncr
1777 5654 1916 5721 ingoald.
