<?xml version="1.0" encoding="UTF-8"?>
<!DOCTYPE html PUBLIC "-//W3C//DTD XHTML 1.0 Transitional//EN"
    "http://www.w3.org/TR/xhtml1/DTD/xhtml1-transitional.dtd">
<html xmlns="http://www.w3.org/1999/xhtml" xml:lang="en" lang="en">
 <head>
  <title>
</title>
<meta http-equiv="Content-Type" content="text/html;charset=utf-8" />
  <meta name='ocr-system' content='tesseract 3.04.00' />
  <meta name='ocr-capabilities' content='ocr_page ocr_carea ocr_par ocr_line ocrx_word'/>
</head>
<body>
  <div class='ocr_page' id='page_1' title='image "actapontificumr00papagoog_0087.png"; bbox 0 0 3974 6188; ppageno 0'>
   <div class='ocr_carea' id='block_1_1' title="bbox 160 245 203 326">
    <p class='ocr_par' dir='ltr' id='par_1_1' title="bbox 160 245 203 326">
     <span class='ocr_line' id='line_1_1' title="bbox 160 245 203 326; baseline 0 -19"><span class='ocrx_word' id='word_1_1' title='bbox 160 245 203 326; x_wconf 82' lang='lat'>76</span> 
     </span>
    </p>
   </div>
   <div class='ocr_carea' id='block_1_2' title="bbox 153 426 1833 4722">
    <p class='ocr_par' dir='ltr' id='par_1_2' title="bbox 153 426 1832 2846">
     <span class='ocr_line' id='line_1_2' title="bbox 157 426 1830 514; baseline -0.001 -17"><span class='ocrx_word' id='word_1_2' title='bbox 157 432 277 497; x_wconf 89' lang='lat' dir='ltr'>bilibus</span> <span class='ocrx_word' id='word_1_3' title='bbox 309 432 460 495; x_wconf 85' lang='lat' dir='ltr'>fratribus</span> <span class='ocrx_word' id='word_1_4' title='bbox 486 433 619 507; x_wconf 90' lang='lat' dir='ltr'>nostris,</span> <span class='ocrx_word' id='word_1_5' title='bbox 660 430 843 495; x_wconf 88' lang='lat' dir='ltr'>Littesredo</span> <span class='ocrx_word' id='word_1_6' title='bbox 876 427 1071 492; x_wconf 89' lang='lat' dir='ltr'>Novariens&#39;i</span> <span class='ocrx_word' id='word_1_7' title='bbox 1111 438 1144 490; x_wconf 92' lang='lat' dir='ltr'>et</span> <span class='ocrx_word' id='word_1_8' title='bbox 1174 426 1300 492; x_wconf 86' lang='lat' dir='ltr'>Gisolso</span> <span class='ocrx_word' id='word_1_9' title='bbox 1330 427 1530 492; x_wconf 91' lang='lat' dir='ltr'>Vercellensi</span> <span class='ocrx_word' id='word_1_10' title='bbox 1562 430 1739 514; x_wconf 89' lang='lat' dir='ltr'>episcopis,</span> <span class='ocrx_word' id='word_1_11' title='bbox 1769 442 1830 497; x_wconf 88' lang='lat' dir='ltr'>sta·</span> 
     </span>
     <span class='ocr_line' id='line_1_3' title="bbox 157 516 1831 605; baseline 0.001 -20"><span class='ocrx_word' id='word_1_12' title='bbox 157 533 262 587; x_wconf 92' lang='lat' dir='ltr'>tutum</span> <span class='ocrx_word' id='word_1_13' title='bbox 292 531 325 585; x_wconf 92' lang='lat' dir='ltr'>et</span> <span class='ocrx_word' id='word_1_14' title='bbox 354 523 476 605; x_wconf 90' lang='lat' dir='ltr'>scripto</span> <span class='ocrx_word' id='word_1_15' title='bbox 509 522 672 585; x_wconf 91' lang='lat' dir='ltr'>firmatum</span> <span class='ocrx_word' id='word_1_16' title='bbox 704 531 755 584; x_wconf 89' lang='lat' dir='ltr'>est</span> <span class='ocrx_word' id='word_1_17' title='bbox 772 521 812 602; x_wconf 83' lang='lat'>¹),</span> <span class='ocrx_word' id='word_1_18' title='bbox 844 529 991 583; x_wconf 90' lang='lat' dir='ltr'>montem</span> <span class='ocrx_word' id='word_1_19' title='bbox 1015 517 1164 593; x_wconf 88' lang='lat' dir='ltr'>Galliani,</span> <span class='ocrx_word' id='word_1_20' title='bbox 1195 517 1362 592; x_wconf 90' lang='lat' dir='ltr'>Uliacum,</span> <span class='ocrx_word' id='word_1_21' title='bbox 1394 516 1649 598; x_wconf 89' lang='lat' dir='ltr'>Montonarium,</span> <span class='ocrx_word' id='word_1_22' title='bbox 1681 532 1831 604; x_wconf 85' lang='lat' dir='ltr'>quartam</span> 
     </span>
     <span class='ocr_line' id='line_1_4' title="bbox 157 606 1830 699; baseline 0.001 -25"><span class='ocrx_word' id='word_1_23' title='bbox 157 621 283 694; x_wconf 91' lang='lat' dir='ltr'>partem</span> <span class='ocrx_word' id='word_1_24' title='bbox 313 611 474 688; x_wconf 92' lang='lat' dir='ltr'>Veuroni,</span> <span class='ocrx_word' id='word_1_25' title='bbox 513 612 684 699; x_wconf 91' lang='lat' dir='ltr'>ecclesiam</span> <span class='ocrx_word' id='word_1_26' title='bbox 714 610 817 673; x_wconf 89' lang='lat' dir='ltr'>sancti</span> <span class='ocrx_word' id='word_1_27' title='bbox 853 608 1046 675; x_wconf 88' lang='lat' dir='ltr'>Christosori</span> <span class='ocrx_word' id='word_1_28' title='bbox 1085 627 1160 671; x_wconf 90' lang='lat' dir='ltr'>cum</span> <span class='ocrx_word' id='word_1_29' title='bbox 1199 617 1288 669; x_wconf 88' lang='lat' dir='ltr'>curte</span> <span class='ocrx_word' id='word_1_30' title='bbox 1326 627 1400 682; x_wconf 91' lang='lat' dir='ltr'>sua,</span> <span class='ocrx_word' id='word_1_31' title='bbox 1432 606 1657 687; x_wconf 88' lang='lat' dir='ltr'>Carracetum,</span> <span class='ocrx_word' id='word_1_32' title='bbox 1697 612 1830 677; x_wconf 90' lang='lat' dir='ltr'>Portum</span> 
     </span>
     <span class='ocr_line' id='line_1_5' title="bbox 157 696 1830 781; baseline 0.001 -16"><span class='ocrx_word' id='word_1_33' title='bbox 157 701 258 765; x_wconf 89' lang='lat' dir='ltr'>Sarvi.</span> <span class='ocrx_word' id='word_1_34' title='bbox 303 701 488 765; x_wconf 86' lang='lat' dir='ltr'>Sanctimus</span> <span class='ocrx_word' id='word_1_35' title='bbox 512 702 624 778; x_wconf 90' lang='lat' dir='ltr'>etiam,</span> <span class='ocrx_word' id='word_1_36' title='bbox 655 712 706 776; x_wconf 92' lang='lat' dir='ltr'>ut,</span> <span class='ocrx_word' id='word_1_37' title='bbox 736 702 762 762; x_wconf 92' lang='lat' dir='ltr'>si</span> <span class='ocrx_word' id='word_1_38' title='bbox 795 700 867 781; x_wconf 92' lang='lat' dir='ltr'>quis</span> <span class='ocrx_word' id='word_1_39' title='bbox 898 697 1106 762; x_wconf 88' lang='lat' dir='ltr'>benefitiatus</span> <span class='ocrx_word' id='word_1_40' title='bbox 1135 697 1169 759; x_wconf 96' lang='lat' dir='ltr'>in</span> <span class='ocrx_word' id='word_1_41' title='bbox 1200 696 1339 781; x_wconf 90' lang='lat' dir='ltr'>ecclesia</span> <span class='ocrx_word' id='word_1_42' title='bbox 1368 707 1476 761; x_wconf 89' lang='lat' dir='ltr'>vestra</span> <span class='ocrx_word' id='word_1_43' title='bbox 1506 698 1699 778; x_wconf 84' lang='lat' dir='ltr'>decesserit,</span> <span class='ocrx_word' id='word_1_44' title='bbox 1734 701 1830 766; x_wconf 89' lang='lat' dir='ltr'>bene·</span> 
     </span>
     <span class='ocr_line' id='line_1_6' title="bbox 156 787 1832 873; baseline 0.001 -19"><span class='ocrx_word' id='word_1_45' title='bbox 156 790 261 854; x_wconf 84' lang='lat' dir='ltr'>fitium</span> <span class='ocrx_word' id='word_1_46' title='bbox 293 791 393 873; x_wconf 91' lang='lat' dir='ltr'>ipsius</span> <span class='ocrx_word' id='word_1_47' title='bbox 425 791 468 853; x_wconf 89' lang='lat' dir='ltr'>ad</span> <span class='ocrx_word' id='word_1_48' title='bbox 500 790 614 854; x_wconf 84' lang='lat' dir='ltr'>fratres</span> <span class='ocrx_word' id='word_1_49' title='bbox 659 791 878 853; x_wconf 91' lang='lat' dir='ltr'>communiter</span> <span class='ocrx_word' id='word_1_50' title='bbox 913 787 1100 851; x_wconf 86' lang='lat' dir='ltr'>habitantes</span> <span class='ocrx_word' id='word_1_51' title='bbox 1146 806 1222 849; x_wconf 93' lang='lat' dir='ltr'>cum</span> <span class='ocrx_word' id='word_1_52' title='bbox 1261 787 1448 867; x_wconf 89' lang='lat' dir='ltr'>integritate</span> <span class='ocrx_word' id='word_1_53' title='bbox 1481 788 1649 867; x_wconf 87' lang='lat' dir='ltr'>deveniat,</span> <span class='ocrx_word' id='word_1_54' title='bbox 1689 811 1832 873; x_wconf 89' lang='lat' dir='ltr'>persona</span> 
     </span>
     <span class='ocr_line' id='line_1_7' title="bbox 155 875 1832 967; baseline 0.002 -25"><span class='ocrx_word' id='word_1_55' title='bbox 155 890 274 955; x_wconf 87' lang='lat' dir='ltr'>tamen,</span> <span class='ocrx_word' id='word_1_56' title='bbox 299 900 362 967; x_wconf 90' lang='lat' dir='ltr'>que</span> <span class='ocrx_word' id='word_1_57' title='bbox 385 880 463 942; x_wconf 90' lang='lat' dir='ltr'>illud</span> <span class='ocrx_word' id='word_1_58' title='bbox 487 881 644 962; x_wconf 84' lang='lat' dir='ltr'>optineat,</span> <span class='ocrx_word' id='word_1_59' title='bbox 669 880 828 943; x_wconf 90' lang='lat' dir='ltr'>canonice</span> <span class='ocrx_word' id='word_1_60' title='bbox 851 879 1036 943; x_wconf 90' lang='lat' dir='ltr'>substituta.</span> <span class='ocrx_word' id='word_1_61' title='bbox 1082 875 1279 939; x_wconf 88' lang='lat' dir='ltr'>Sanctorum</span> <span class='ocrx_word' id='word_1_62' title='bbox 1303 896 1435 958; x_wconf 92' lang='lat' dir='ltr'>quoque</span> <span class='ocrx_word' id='word_1_63' title='bbox 1455 889 1587 960; x_wconf 88' lang='lat' dir='ltr'>patrum</span> <span class='ocrx_word' id='word_1_64' title='bbox 1602 882 1832 947; x_wconf 87' lang='lat' dir='ltr'>auctoritatem</span> 
     </span>
     <span class='ocr_line' id='line_1_8' title="bbox 154 965 1831 1056; baseline 0.003 -25"><span class='ocrx_word' id='word_1_65' title='bbox 154 980 328 1051; x_wconf 89' lang='lat' dir='ltr'>sequentes</span> <span class='ocrx_word' id='word_1_66' title='bbox 351 971 536 1045; x_wconf 90' lang='lat' dir='ltr'>sanctimus,</span> <span class='ocrx_word' id='word_1_67' title='bbox 568 980 603 1032; x_wconf 91' lang='lat' dir='ltr'>ut</span> <span class='ocrx_word' id='word_1_68' title='bbox 625 968 846 1056; x_wconf 90' lang='lat' dir='ltr'>ecclesiastica</span> <span class='ocrx_word' id='word_1_69' title='bbox 878 967 1012 1050; x_wconf 90' lang='lat' dir='ltr'>negotia</span> <span class='ocrx_word' id='word_1_70' title='bbox 1039 966 1110 1029; x_wconf 90' lang='lat' dir='ltr'>sine</span> <span class='ocrx_word' id='word_1_71' title='bbox 1133 966 1300 1028; x_wconf 91' lang='lat' dir='ltr'>communi</span> <span class='ocrx_word' id='word_1_72' title='bbox 1325 965 1459 1030; x_wconf 84' lang='lat' dir='ltr'>fratrum</span> <span class='ocrx_word' id='word_1_73' title='bbox 1490 979 1546 1032; x_wconf 89' lang='lat' dir='ltr'>aut</span> <span class='ocrx_word' id='word_1_74' title='bbox 1569 970 1706 1034; x_wconf 91' lang='lat' dir='ltr'>sanioris</span> <span class='ocrx_word' id='word_1_75' title='bbox 1730 974 1831 1054; x_wconf 89' lang='lat' dir='ltr'>partis</span> 
     </span>
     <span class='ocr_line' id='line_1_9' title="bbox 156 1055 1831 1143; baseline 0.003 -22"><span class='ocrx_word' id='word_1_76' title='bbox 156 1059 292 1124; x_wconf 91' lang='lat' dir='ltr'>consilio</span> <span class='ocrx_word' id='word_1_77' title='bbox 317 1057 358 1122; x_wconf 89' lang='lat' dir='ltr'>ab</span> <span class='ocrx_word' id='word_1_78' title='bbox 383 1060 543 1142; x_wconf 91' lang='lat' dir='ltr'>episcopo</span> <span class='ocrx_word' id='word_1_79' title='bbox 567 1080 633 1122; x_wconf 91' lang='lat' dir='ltr'>non</span> <span class='ocrx_word' id='word_1_80' title='bbox 664 1068 842 1123; x_wconf 89' lang='lat' dir='ltr'>tractentur</span> <span class='ocrx_word' id='word_1_81' title='bbox 875 1068 916 1133; x_wconf 91' lang='lat' dir='ltr'>et,</span> <span class='ocrx_word' id='word_1_82' title='bbox 945 1068 981 1120; x_wconf 92' lang='lat' dir='ltr'>ut</span> <span class='ocrx_word' id='word_1_83' title='bbox 1011 1055 1117 1119; x_wconf 91' lang='lat' dir='ltr'>nullus</span> <span class='ocrx_word' id='word_1_84' title='bbox 1150 1055 1243 1118; x_wconf 92' lang='lat' dir='ltr'>aliter</span> <span class='ocrx_word' id='word_1_85' title='bbox 1275 1055 1308 1117; x_wconf 93' lang='lat' dir='ltr'>in</span> <span class='ocrx_word' id='word_1_86' title='bbox 1338 1055 1454 1131; x_wconf 88' lang='lat' dir='ltr'>eadem</span> <span class='ocrx_word' id='word_1_87' title='bbox 1486 1059 1625 1143; x_wconf 90' lang='lat' dir='ltr'>ecclesia</span> <span class='ocrx_word' id='word_1_88' title='bbox 1654 1062 1831 1126; x_wconf 89' lang='lat' dir='ltr'>canonicus</span> 
     </span>
     <span class='ocr_line' id='line_1_10' title="bbox 155 1143 1832 1236; baseline 0.002 -25"><span class='ocrx_word' id='word_1_89' title='bbox 155 1148 321 1211; x_wconf 89' lang='lat' dir='ltr'>ordinetur</span> <span class='ocrx_word' id='word_1_90' title='bbox 344 1169 404 1211; x_wconf 91' lang='lat' dir='ltr'>nec</span> <span class='ocrx_word' id='word_1_91' title='bbox 432 1150 603 1212; x_wconf 90' lang='lat' dir='ltr'>cuiuslibet</span> <span class='ocrx_word' id='word_1_92' title='bbox 622 1148 833 1236; x_wconf 87' lang='lat' dir='ltr'>ecclesiastici</span> <span class='ocrx_word' id='word_1_93' title='bbox 858 1147 953 1210; x_wconf 84' lang='lat' dir='ltr'>offitii</span> <span class='ocrx_word' id='word_1_94' title='bbox 978 1145 1226 1209; x_wconf 87' lang='lat' dir='ltr'>amministratio</span> <span class='ocrx_word' id='word_1_95' title='bbox 1244 1143 1338 1207; x_wconf 91' lang='lat' dir='ltr'>alicui</span> <span class='ocrx_word' id='word_1_96' title='bbox 1355 1147 1587 1211; x_wconf 88' lang='lat' dir='ltr'>committatur.</span> <span class='ocrx_word' id='word_1_97' title='bbox 1630 1150 1832 1233; x_wconf 91' lang='lat' dir='ltr'>Precipimus</span> 
     </span>
     <span class='ocr_line' id='line_1_11' title="bbox 156 1235 1831 1324; baseline 0.002 -24"><span class='ocrx_word' id='word_1_98' title='bbox 156 1239 263 1314; x_wconf 88' lang='lat' dir='ltr'>etiam,</span> <span class='ocrx_word' id='word_1_99' title='bbox 288 1248 323 1301; x_wconf 94' lang='lat' dir='ltr'>ut</span> <span class='ocrx_word' id='word_1_100' title='bbox 346 1238 509 1314; x_wconf 87' lang='lat' dir='ltr'>benefitia,</span> <span class='ocrx_word' id='word_1_101' title='bbox 535 1259 597 1324; x_wconf 93' lang='lat' dir='ltr'>que</span> <span class='ocrx_word' id='word_1_102' title='bbox 621 1238 801 1320; x_wconf 87' lang='lat' dir='ltr'>spetialiter</span> <span class='ocrx_word' id='word_1_103' title='bbox 824 1258 844 1299; x_wconf 89' lang='lat' dir='ltr'>a</span> <span class='ocrx_word' id='word_1_104' title='bbox 866 1235 1001 1318; x_wconf 90' lang='lat' dir='ltr'>singulis</span> <span class='ocrx_word' id='word_1_105' title='bbox 1024 1235 1137 1297; x_wconf 87' lang='lat' dir='ltr'>haberi</span> <span class='ocrx_word' id='word_1_106' title='bbox 1163 1244 1408 1311; x_wconf 89' lang='lat' dir='ltr'>consueverant,</span> <span class='ocrx_word' id='word_1_107' title='bbox 1437 1237 1480 1299; x_wconf 92' lang='lat' dir='ltr'>ad</span> <span class='ocrx_word' id='word_1_108' title='bbox 1503 1257 1713 1303; x_wconf 91' lang='lat' dir='ltr'>communem</span> <span class='ocrx_word' id='word_1_109' title='bbox 1738 1262 1831 1304; x_wconf 91' lang='lat' dir='ltr'>usum</span> 
     </span>
     <span class='ocr_line' id='line_1_12' title="bbox 155 1322 1831 1414; baseline 0.002 -23"><span class='ocrx_word' id='word_1_110' title='bbox 155 1338 189 1391; x_wconf 90' lang='lat' dir='ltr'>et</span> <span class='ocrx_word' id='word_1_111' title='bbox 212 1328 384 1391; x_wconf 87' lang='lat' dir='ltr'>utilitatem</span> <span class='ocrx_word' id='word_1_112' title='bbox 409 1328 596 1409; x_wconf 85' lang='lat' dir='ltr'>redigantur</span> <span class='ocrx_word' id='word_1_113' title='bbox 624 1338 657 1390; x_wconf 91' lang='lat' dir='ltr'>et</span> <span class='ocrx_word' id='word_1_114' title='bbox 681 1327 898 1390; x_wconf 90' lang='lat' dir='ltr'>communiter</span> <span class='ocrx_word' id='word_1_115' title='bbox 924 1326 1116 1388; x_wconf 89' lang='lat' dir='ltr'>habeantur.</span> <span class='ocrx_word' id='word_1_116' title='bbox 1165 1322 1370 1386; x_wconf 87' lang='lat' dir='ltr'>Sententiam</span> <span class='ocrx_word' id='word_1_117' title='bbox 1395 1345 1535 1407; x_wconf 91' lang='lat' dir='ltr'>quoque,</span> <span class='ocrx_word' id='word_1_118' title='bbox 1569 1348 1632 1414; x_wconf 91' lang='lat' dir='ltr'>que</span> <span class='ocrx_word' id='word_1_119' title='bbox 1665 1329 1831 1394; x_wconf 89' lang='lat' dir='ltr'>intervos</span> 
     </span>
     <span class='ocr_line' id='line_1_13' title="bbox 155 1413 1832 1505; baseline 0.003 -25"><span class='ocrx_word' id='word_1_120' title='bbox 155 1428 189 1480; x_wconf 90' lang='lat' dir='ltr'>et</span> <span class='ocrx_word' id='word_1_121' title='bbox 211 1417 357 1498; x_wconf 80' lang='lat' dir='ltr'>prelatos</span> <span class='ocrx_word' id='word_1_122' title='bbox 380 1415 477 1505; x_wconf 90' lang='lat' dir='ltr'>beate</span> <span class='ocrx_word' id='word_1_123' title='bbox 501 1418 603 1501; x_wconf 82' lang='lat' dir='ltr'>Marie</span> <span class='ocrx_word' id='word_1_124' title='bbox 626 1418 804 1480; x_wconf 87' lang='lat' dir='ltr'>canonicos</span> <span class='ocrx_word' id='word_1_125' title='bbox 828 1437 847 1479; x_wconf 90' lang='lat' dir='ltr'>a</span> <span class='ocrx_word' id='word_1_126' title='bbox 871 1416 999 1478; x_wconf 91' lang='lat' dir='ltr'>dilectis</span> <span class='ocrx_word' id='word_1_127' title='bbox 1029 1413 1103 1476; x_wconf 87' lang='lat' dir='ltr'>filiis</span> <span class='ocrx_word' id='word_1_128' title='bbox 1126 1414 1246 1475; x_wconf 90' lang='lat' dir='ltr'>nostris</span> <span class='ocrx_word' id='word_1_129' title='bbox 1270 1413 1436 1477; x_wconf 83' lang='lat' dir='ltr'><strong>GUIDONE</strong></span> <span class='ocrx_word' id='word_1_130' title='bbox 1468 1418 1572 1480; x_wconf 91' lang='lat' dir='ltr'>sancti</span> <span class='ocrx_word' id='word_1_131' title='bbox 1597 1417 1776 1501; x_wconf 91' lang='lat' dir='ltr'>Grisogoni</span> <span class='ocrx_word' id='word_1_132' title='bbox 1800 1430 1832 1485; x_wconf 95' lang='lat' dir='ltr'>et</span> 
     </span>
     <span class='ocr_line' id='line_1_14' title="bbox 154 1503 1831 1592; baseline 0.002 -22"><span class='ocrx_word' id='word_1_133' title='bbox 154 1508 331 1570; x_wconf 81' lang='lat' dir='ltr'>HUBALDO</span> <span class='ocrx_word' id='word_1_134' title='bbox 347 1518 458 1592; x_wconf 90' lang='lat' dir='ltr'>sancte</span> <span class='ocrx_word' id='word_1_135' title='bbox 475 1507 631 1570; x_wconf 88' lang='lat' dir='ltr'>Praxedis</span> <span class='ocrx_word' id='word_1_136' title='bbox 647 1507 836 1589; x_wconf 90' lang='lat' dir='ltr'>presbiteris</span> <span class='ocrx_word' id='word_1_137' title='bbox 860 1504 1078 1568; x_wconf 91' lang='lat' dir='ltr'>cardinalibus</span> <span class='ocrx_word' id='word_1_138' title='bbox 1095 1503 1252 1565; x_wconf 88' lang='lat' dir='ltr'>canonice</span> <span class='ocrx_word' id='word_1_139' title='bbox 1276 1503 1484 1586; x_wconf 90' lang='lat' dir='ltr'>promulgata</span> <span class='ocrx_word' id='word_1_140' title='bbox 1508 1516 1558 1569; x_wconf 91' lang='lat' dir='ltr'>est</span> <span class='ocrx_word' id='word_1_141' title='bbox 1574 1506 1612 1584; x_wconf 83' lang='lat'>²),</span> <span class='ocrx_word' id='word_1_142' title='bbox 1636 1510 1831 1574; x_wconf 88' lang='lat' dir='ltr'>auctoritate</span> 
     </span>
     <span class='ocr_line' id='line_1_15' title="bbox 154 1591 1832 1688; baseline 0.003 -29"><span class='ocrx_word' id='word_1_143' title='bbox 154 1597 339 1678; x_wconf 90' lang='lat' dir='ltr'>apostolica</span> <span class='ocrx_word' id='word_1_144' title='bbox 361 1596 601 1660; x_wconf 86' lang='lat' dir='ltr'>confirmamus.</span> <span class='ocrx_word' id='word_1_145' title='bbox 646 1598 778 1660; x_wconf 89' lang='lat' dir='ltr'>Pretera</span> <span class='ocrx_word' id='word_1_146' title='bbox 807 1597 958 1676; x_wconf 89' lang='lat' dir='ltr'>antiquas</span> <span class='ocrx_word' id='word_1_147' title='bbox 990 1603 1024 1656; x_wconf 90' lang='lat' dir='ltr'>et</span> <span class='ocrx_word' id='word_1_148' title='bbox 1051 1591 1263 1655; x_wconf 87' lang='lat' dir='ltr'>rationabiles</span> <span class='ocrx_word' id='word_1_149' title='bbox 1288 1593 1541 1657; x_wconf 91' lang='lat' dir='ltr'>consuetudines</span> <span class='ocrx_word' id='word_1_150' title='bbox 1569 1595 1671 1678; x_wconf 92' lang='lat' dir='ltr'>ipsius</span> <span class='ocrx_word' id='word_1_151' title='bbox 1694 1600 1832 1688; x_wconf 89' lang='lat' dir='ltr'>ecclesie</span> 
     </span>
     <span class='ocr_line' id='line_1_16' title="bbox 154 1681 1832 1766; baseline 0.002 -17"><span class='ocrx_word' id='word_1_152' title='bbox 154 1697 241 1749; x_wconf 88' lang='lat' dir='ltr'>ratas</span> <span class='ocrx_word' id='word_1_153' title='bbox 264 1706 396 1750; x_wconf 88' lang='lat' dir='ltr'>manere</span> <span class='ocrx_word' id='word_1_154' title='bbox 420 1707 598 1749; x_wconf 90' lang='lat' dir='ltr'>censemus.</span> <span class='ocrx_word' id='word_1_155' title='bbox 644 1686 859 1748; x_wconf 89' lang='lat' dir='ltr'>Decemimus</span> <span class='ocrx_word' id='word_1_156' title='bbox 883 1705 971 1766; x_wconf 86' lang='lat' dir='ltr'>ergo,</span> <span class='ocrx_word' id='word_1_157' title='bbox 994 1692 1032 1745; x_wconf 95' lang='lat' dir='ltr'>ut</span> <span class='ocrx_word' id='word_1_158' title='bbox 1054 1681 1132 1744; x_wconf 90' lang='lat' dir='ltr'>nulli</span> <span class='ocrx_word' id='word_1_159' title='bbox 1152 1682 1312 1764; x_wconf 89' lang='lat' dir='ltr'>episcopo</span> <span class='ocrx_word' id='word_1_160' title='bbox 1328 1682 1380 1745; x_wconf 90' lang='lat' dir='ltr'>vel</span> <span class='ocrx_word' id='word_1_161' title='bbox 1396 1682 1490 1746; x_wconf 92' lang='lat' dir='ltr'>alicui</span> <span class='ocrx_word' id='word_1_162' title='bbox 1508 1687 1643 1749; x_wconf 89' lang='lat' dir='ltr'>omnino</span> <span class='ocrx_word' id='word_1_163' title='bbox 1660 1687 1832 1754; x_wconf 89' lang='lat' dir='ltr'>hominum</span> 
     </span>
     <span class='ocr_line' id='line_1_17' title="bbox 154 1771 1831 1863; baseline 0.002 -25"><span class='ocrx_word' id='word_1_164' title='bbox 154 1776 258 1852; x_wconf 88' lang='lat' dir='ltr'>liceat,</span> <span class='ocrx_word' id='word_1_165' title='bbox 283 1776 444 1858; x_wconf 84' lang='lat' dir='ltr'>prefatam</span> <span class='ocrx_word' id='word_1_166' title='bbox 468 1776 639 1863; x_wconf 90' lang='lat' dir='ltr'>ecclesiam</span> <span class='ocrx_word' id='word_1_167' title='bbox 663 1786 786 1838; x_wconf 91' lang='lat' dir='ltr'>temere</span> <span class='ocrx_word' id='word_1_168' title='bbox 814 1772 1006 1857; x_wconf 88' lang='lat' dir='ltr'>perturbare</span> <span class='ocrx_word' id='word_1_169' title='bbox 1037 1781 1093 1834; x_wconf 91' lang='lat' dir='ltr'>aut</span> <span class='ocrx_word' id='word_1_170' title='bbox 1116 1771 1185 1833; x_wconf 88' lang='lat' dir='ltr'>eius</span> <span class='ocrx_word' id='word_1_171' title='bbox 1215 1773 1440 1852; x_wconf 89' lang='lat' dir='ltr'>possessiones</span> <span class='ocrx_word' id='word_1_172' title='bbox 1472 1774 1598 1838; x_wconf 87' lang='lat' dir='ltr'>auferre</span> <span class='ocrx_word' id='word_1_173' title='bbox 1620 1776 1673 1839; x_wconf 88' lang='lat' dir='ltr'>vel</span> <span class='ocrx_word' id='word_1_174' title='bbox 1703 1777 1831 1842; x_wconf 90' lang='lat' dir='ltr'>ablatas</span> 
     </span>
     <span class='ocr_line' id='line_1_18' title="bbox 154 1860 1831 1948; baseline 0.002 -19"><span class='ocrx_word' id='word_1_175' title='bbox 154 1866 303 1940; x_wconf 91' lang='lat' dir='ltr'>retinere,</span> <span class='ocrx_word' id='word_1_176' title='bbox 336 1867 480 1929; x_wconf 90' lang='lat' dir='ltr'>minuere</span> <span class='ocrx_word' id='word_1_177' title='bbox 502 1866 554 1928; x_wconf 91' lang='lat' dir='ltr'>vel</span> <span class='ocrx_word' id='word_1_178' title='bbox 585 1865 748 1947; x_wconf 91' lang='lat' dir='ltr'>aliquibus</span> <span class='ocrx_word' id='word_1_179' title='bbox 780 1865 881 1927; x_wconf 87' lang='lat' dir='ltr'>fodris</span> <span class='ocrx_word' id='word_1_180' title='bbox 905 1872 961 1926; x_wconf 92' lang='lat' dir='ltr'>aut</span> <span class='ocrx_word' id='word_1_181' title='bbox 984 1860 1213 1924; x_wconf 83' lang='lat' dir='ltr'>exactionibus</span> <span class='ocrx_word' id='word_1_182' title='bbox 1236 1861 1304 1923; x_wconf 86' lang='lat' dir='ltr'>sive</span> <span class='ocrx_word' id='word_1_183' title='bbox 1326 1863 1570 1942; x_wconf 89' lang='lat' dir='ltr'>gravaminibus</span> <span class='ocrx_word' id='word_1_184' title='bbox 1595 1865 1741 1948; x_wconf 81' lang='lat' dir='ltr'>fatigare,</span> <span class='ocrx_word' id='word_1_185' title='bbox 1773 1869 1831 1932; x_wconf 92' lang='lat' dir='ltr'>sed</span> 
     </span>
     <span class='ocr_line' id='line_1_19' title="bbox 155 1950 1832 2037; baseline 0.003 -20"><span class='ocrx_word' id='word_1_186' title='bbox 155 1956 267 2018; x_wconf 90' lang='lat' dir='ltr'>omnia</span> <span class='ocrx_word' id='word_1_187' title='bbox 290 1955 416 2037; x_wconf 89' lang='lat' dir='ltr'>integra</span> <span class='ocrx_word' id='word_1_188' title='bbox 439 1966 671 2018; x_wconf 91' lang='lat' dir='ltr'>conserventur</span> <span class='ocrx_word' id='word_1_189' title='bbox 694 1974 816 2030; x_wconf 92' lang='lat' dir='ltr'>eorum,</span> <span class='ocrx_word' id='word_1_190' title='bbox 845 1973 906 2035; x_wconf 91' lang='lat' dir='ltr'>pro</span> <span class='ocrx_word' id='word_1_191' title='bbox 931 1971 1070 2034; x_wconf 89' lang='lat' dir='ltr'>quorum</span> <span class='ocrx_word' id='word_1_192' title='bbox 1093 1950 1333 2032; x_wconf 84' lang='lat' dir='ltr'>gubernatione</span> <span class='ocrx_word' id='word_1_193' title='bbox 1357 1960 1390 2013; x_wconf 93' lang='lat' dir='ltr'>et</span> <span class='ocrx_word' id='word_1_194' title='bbox 1412 1954 1651 2019; x_wconf 89' lang='lat' dir='ltr'>sustentatione</span> <span class='ocrx_word' id='word_1_195' title='bbox 1675 1977 1832 2022; x_wconf 88' lang='lat' dir='ltr'>concessa</span> 
     </span>
     <span class='ocr_line' id='line_1_20' title="bbox 153 2039 1831 2129; baseline 0.001 -20"><span class='ocrx_word' id='word_1_196' title='bbox 153 2054 236 2120; x_wconf 90' lang='lat' dir='ltr'>sunt,</span> <span class='ocrx_word' id='word_1_197' title='bbox 270 2045 380 2108; x_wconf 92' lang='lat' dir='ltr'>usibus</span> <span class='ocrx_word' id='word_1_198' title='bbox 404 2045 602 2108; x_wconf 91' lang='lat' dir='ltr'>omnimodis</span> <span class='ocrx_word' id='word_1_199' title='bbox 626 2044 804 2126; x_wconf 82' lang='lat' dir='ltr'>profutura,</span> <span class='ocrx_word' id='word_1_200' title='bbox 836 2041 927 2105; x_wconf 89' lang='lat' dir='ltr'>salva</span> <span class='ocrx_word' id='word_1_201' title='bbox 949 2042 1036 2105; x_wconf 89' lang='lat' dir='ltr'>sedis</span> <span class='ocrx_word' id='word_1_202' title='bbox 1061 2039 1243 2126; x_wconf 90' lang='lat' dir='ltr'>apostolice</span> <span class='ocrx_word' id='word_1_203' title='bbox 1267 2041 1470 2105; x_wconf 89' lang='lat' dir='ltr'>auctoritate.</span> <span class='ocrx_word' id='word_1_204' title='bbox 1517 2042 1552 2106; x_wconf 90' lang='lat' dir='ltr'>Si</span> <span class='ocrx_word' id='word_1_205' title='bbox 1584 2064 1651 2126; x_wconf 90' lang='lat' dir='ltr'>qua</span> <span class='ocrx_word' id='word_1_206' title='bbox 1678 2047 1778 2129; x_wconf 91' lang='lat' dir='ltr'>igitur</span> <span class='ocrx_word' id='word_1_207' title='bbox 1799 2049 1831 2111; x_wconf 90' lang='lat' dir='ltr'>in</span> 
     </span>
     <span class='ocr_line' id='line_1_21' title="bbox 156 2130 1830 2221; baseline 0.003 -25"><span class='ocrx_word' id='word_1_208' title='bbox 156 2134 297 2197; x_wconf 83' lang='lat' dir='ltr'>futurum</span> <span class='ocrx_word' id='word_1_209' title='bbox 329 2135 548 2221; x_wconf 89' lang='lat' dir='ltr'>ecclesiastica</span> <span class='ocrx_word' id='word_1_210' title='bbox 578 2134 772 2197; x_wconf 88' lang='lat' dir='ltr'>secularisve</span> <span class='ocrx_word' id='word_1_211' title='bbox 803 2152 959 2214; x_wconf 89' lang='lat' dir='ltr'>persona,</span> <span class='ocrx_word' id='word_1_212' title='bbox 989 2130 1084 2192; x_wconf 91' lang='lat' dir='ltr'>huius</span> <span class='ocrx_word' id='word_1_213' title='bbox 1113 2139 1223 2215; x_wconf 88' lang='lat' dir='ltr'>nostre</span> <span class='ocrx_word' id='word_1_214' title='bbox 1255 2131 1497 2194; x_wconf 87' lang='lat' dir='ltr'>constitutionis</span> <span class='ocrx_word' id='word_1_215' title='bbox 1526 2135 1682 2215; x_wconf 85' lang='lat' dir='ltr'>paginam</span> <span class='ocrx_word' id='word_1_216' title='bbox 1715 2138 1830 2214; x_wconf 89' lang='lat' dir='ltr'>sciens,</span> 
     </span>
     <span class='ocr_line' id='line_1_22' title="bbox 156 2218 1831 2303; baseline 0.003 -18"><span class='ocrx_word' id='word_1_217' title='bbox 156 2235 269 2287; x_wconf 90' lang='lat' dir='ltr'>contra</span> <span class='ocrx_word' id='word_1_218' title='bbox 293 2245 366 2288; x_wconf 88' lang='lat' dir='ltr'>eam</span> <span class='ocrx_word' id='word_1_219' title='bbox 389 2236 511 2288; x_wconf 89' lang='lat' dir='ltr'>temere</span> <span class='ocrx_word' id='word_1_220' title='bbox 533 2225 644 2288; x_wconf 90' lang='lat' dir='ltr'>venire</span> <span class='ocrx_word' id='word_1_221' title='bbox 667 2223 886 2303; x_wconf 90' lang='lat' dir='ltr'>temptaverit,</span> <span class='ocrx_word' id='word_1_222' title='bbox 909 2220 1055 2284; x_wconf 90' lang='lat' dir='ltr'>secundo</span> <span class='ocrx_word' id='word_1_223' title='bbox 1072 2218 1211 2281; x_wconf 83' lang='lat' dir='ltr'>tertiove</span> <span class='ocrx_word' id='word_1_224' title='bbox 1227 2220 1438 2295; x_wconf 89' lang='lat' dir='ltr'>commonita,</span> <span class='ocrx_word' id='word_1_225' title='bbox 1461 2222 1488 2284; x_wconf 91' lang='lat' dir='ltr'>si</span> <span class='ocrx_word' id='word_1_226' title='bbox 1505 2242 1572 2286; x_wconf 92' lang='lat' dir='ltr'>non</span> <span class='ocrx_word' id='word_1_227' title='bbox 1588 2235 1714 2289; x_wconf 88' lang='lat' dir='ltr'>reatum</span> <span class='ocrx_word' id='word_1_228' title='bbox 1737 2247 1831 2290; x_wconf 89' lang='lat' dir='ltr'>suum</span> 
     </span>
     <span class='ocr_line' id='line_1_23' title="bbox 155 2308 1832 2398; baseline 0.003 -23"><span class='ocrx_word' id='word_1_229' title='bbox 155 2334 299 2396; x_wconf 91' lang='lat' dir='ltr'>congrua</span> <span class='ocrx_word' id='word_1_230' title='bbox 321 2310 569 2398; x_wconf 67' lang='lat' dir='ltr'>satlisfalctione</span> <span class='ocrx_word' id='word_1_231' title='bbox 593 2313 777 2388; x_wconf 89' lang='lat' dir='ltr'>correxerit,</span> <span class='ocrx_word' id='word_1_232' title='bbox 802 2311 977 2394; x_wconf 90' lang='lat' dir='ltr'>potestatis</span> <span class='ocrx_word' id='word_1_233' title='bbox 1000 2309 1200 2390; x_wconf 90' lang='lat' dir='ltr'>honorisque</span> <span class='ocrx_word' id='word_1_234' title='bbox 1223 2308 1272 2370; x_wconf 93' lang='lat' dir='ltr'>sui</span> <span class='ocrx_word' id='word_1_235' title='bbox 1298 2308 1458 2390; x_wconf 88' lang='lat' dir='ltr'>dignitate</span> <span class='ocrx_word' id='word_1_236' title='bbox 1481 2320 1590 2375; x_wconf 88' lang='lat' dir='ltr'>careat</span> <span class='ocrx_word' id='word_1_237' title='bbox 1621 2335 1778 2398; x_wconf 91' lang='lat' dir='ltr'>reamque</span> <span class='ocrx_word' id='word_1_238' title='bbox 1796 2338 1832 2380; x_wconf 88' lang='lat' dir='ltr'>se</span> 
     </span>
     <span class='ocr_line' id='line_1_24' title="bbox 155 2400 1831 2486; baseline 0.004 -22"><span class='ocrx_word' id='word_1_239' title='bbox 155 2404 267 2466; x_wconf 92' lang='lat' dir='ltr'>divino</span> <span class='ocrx_word' id='word_1_240' title='bbox 291 2404 406 2467; x_wconf 90' lang='lat' dir='ltr'>iuditio</span> <span class='ocrx_word' id='word_1_241' title='bbox 430 2405 569 2467; x_wconf 89' lang='lat' dir='ltr'>existere</span> <span class='ocrx_word' id='word_1_242' title='bbox 593 2404 635 2466; x_wconf 90' lang='lat' dir='ltr'>de</span> <span class='ocrx_word' id='word_1_243' title='bbox 657 2411 847 2484; x_wconf 90' lang='lat' dir='ltr'>perpetrata</span> <span class='ocrx_word' id='word_1_244' title='bbox 870 2400 1042 2481; x_wconf 89' lang='lat' dir='ltr'>iniquitate</span> <span class='ocrx_word' id='word_1_245' title='bbox 1066 2408 1254 2480; x_wconf 88' lang='lat' dir='ltr'>cognoscat,</span> <span class='ocrx_word' id='word_1_246' title='bbox 1278 2408 1312 2461; x_wconf 92' lang='lat' dir='ltr'>et</span> <span class='ocrx_word' id='word_1_247' title='bbox 1335 2419 1354 2461; x_wconf 89' lang='lat' dir='ltr'>a</span> <span class='ocrx_word' id='word_1_248' title='bbox 1376 2401 1595 2465; x_wconf 89' lang='lat' dir='ltr'>sacratissimo</span> <span class='ocrx_word' id='word_1_249' title='bbox 1627 2424 1768 2486; x_wconf 87' lang='lat' dir='ltr'>corpore</span> <span class='ocrx_word' id='word_1_250' title='bbox 1794 2427 1831 2470; x_wconf 92' lang='lat' dir='ltr'>ac</span> 
     </span>
     <span class='ocr_line' id='line_1_25' title="bbox 154 2486 1830 2574; baseline 0.003 -20"><span class='ocrx_word' id='word_1_251' title='bbox 154 2492 312 2574; x_wconf 89' lang='lat' dir='ltr'>sanguine</span> <span class='ocrx_word' id='word_1_252' title='bbox 336 2492 387 2555; x_wconf 92' lang='lat' dir='ltr'>dei</span> <span class='ocrx_word' id='word_1_253' title='bbox 412 2504 446 2556; x_wconf 90' lang='lat' dir='ltr'>et</span> <span class='ocrx_word' id='word_1_254' title='bbox 474 2493 608 2568; x_wconf 92' lang='lat' dir='ltr'>domini,</span> <span class='ocrx_word' id='word_1_255' title='bbox 633 2491 849 2573; x_wconf 87' lang='lat' dir='ltr'>redemptoris</span> <span class='ocrx_word' id='word_1_256' title='bbox 880 2491 982 2553; x_wconf 91' lang='lat' dir='ltr'>nostri</span> <span class='ocrx_word' id='word_1_257' title='bbox 1005 2489 1077 2552; x_wconf 91' lang='lat' dir='ltr'>Iesu</span> <span class='ocrx_word' id='word_1_258' title='bbox 1102 2486 1230 2562; x_wconf 87' lang='lat' dir='ltr'>Christi,</span> <span class='ocrx_word' id='word_1_259' title='bbox 1262 2486 1456 2566; x_wconf 88' lang='lat' dir='ltr'>alienafiat,</span> <span class='ocrx_word' id='word_1_260' title='bbox 1488 2501 1587 2572; x_wconf 88' lang='lat' dir='ltr'>atque</span> <span class='ocrx_word' id='word_1_261' title='bbox 1617 2493 1650 2556; x_wconf 95' lang='lat' dir='ltr'>in</span> <span class='ocrx_word' id='word_1_262' title='bbox 1681 2505 1830 2559; x_wconf 88' lang='lat' dir='ltr'>extremo</span> 
     </span>
     <span class='ocr_line' id='line_1_26' title="bbox 156 2576 1830 2668; baseline 0.002 -23"><span class='ocrx_word' id='word_1_263' title='bbox 156 2583 307 2646; x_wconf 89' lang='lat' dir='ltr'>examine</span> <span class='ocrx_word' id='word_1_264' title='bbox 336 2583 478 2668; x_wconf 84' lang='lat' dir='ltr'>districte</span> <span class='ocrx_word' id='word_1_265' title='bbox 508 2582 623 2644; x_wconf 92' lang='lat' dir='ltr'>ultioni</span> <span class='ocrx_word' id='word_1_266' title='bbox 653 2581 831 2644; x_wconf 90' lang='lat' dir='ltr'>subiaceat.</span> <span class='ocrx_word' id='word_1_267' title='bbox 878 2579 1011 2643; x_wconf 90' lang='lat' dir='ltr'>Cunctis</span> <span class='ocrx_word' id='word_1_268' title='bbox 1042 2587 1161 2653; x_wconf 88' lang='lat' dir='ltr'>autem,</span> <span class='ocrx_word' id='word_1_269' title='bbox 1192 2576 1300 2639; x_wconf 89' lang='lat' dir='ltr'>eidem</span> <span class='ocrx_word' id='word_1_270' title='bbox 1324 2577 1398 2640; x_wconf 94' lang='lat' dir='ltr'>loco</span> <span class='ocrx_word' id='word_1_271' title='bbox 1429 2600 1488 2641; x_wconf 89' lang='lat' dir='ltr'>sua</span> <span class='ocrx_word' id='word_1_272' title='bbox 1518 2580 1586 2644; x_wconf 92' lang='lat' dir='ltr'>iura</span> <span class='ocrx_word' id='word_1_273' title='bbox 1616 2585 1830 2663; x_wconf 87' lang='lat' dir='ltr'>servantibus,</span> 
     </span>
     <span class='ocr_line' id='line_1_27' title="bbox 156 2665 1832 2756; baseline 0.003 -22"><span class='ocrx_word' id='word_1_274' title='bbox 156 2672 198 2734; x_wconf 91' lang='lat' dir='ltr'>sit</span> <span class='ocrx_word' id='word_1_275' title='bbox 220 2693 288 2754; x_wconf 91' lang='lat' dir='ltr'>pax</span> <span class='ocrx_word' id='word_1_276' title='bbox 312 2673 435 2735; x_wconf 92' lang='lat' dir='ltr'>domini</span> <span class='ocrx_word' id='word_1_277' title='bbox 459 2673 561 2734; x_wconf 91' lang='lat' dir='ltr'>nostri</span> <span class='ocrx_word' id='word_1_278' title='bbox 585 2672 656 2733; x_wconf 91' lang='lat' dir='ltr'>Iesu</span> <span class='ocrx_word' id='word_1_279' title='bbox 673 2670 800 2746; x_wconf 90' lang='lat' dir='ltr'>Christi,</span> <span class='ocrx_word' id='word_1_280' title='bbox 821 2665 827 2754; x_wconf 88' lang='grc' dir='ltr'>Ι</span> <span class='ocrx_word' id='word_1_281' title='bbox 849 2670 1000 2751; x_wconf 91' lang='lat' dir='ltr'>quatinus</span> <span class='ocrx_word' id='word_1_282' title='bbox 1023 2665 1132 2730; x_wconf 92' lang='lat' dir='ltr'>ethic</span> <span class='ocrx_word' id='word_1_283' title='bbox 1156 2666 1295 2729; x_wconf 81' lang='lat' dir='ltr'>fructum</span> <span class='ocrx_word' id='word_1_284' title='bbox 1319 2667 1406 2755; x_wconf 91' lang='lat' dir='ltr'>bone</span> <span class='ocrx_word' id='word_1_285' title='bbox 1430 2669 1568 2734; x_wconf 87' lang='lat' dir='ltr'>actionis</span> <span class='ocrx_word' id='word_1_286' title='bbox 1590 2674 1777 2756; x_wconf 91' lang='lat' dir='ltr'>percipiant</span> <span class='ocrx_word' id='word_1_287' title='bbox 1799 2685 1832 2739; x_wconf 91' lang='lat' dir='ltr'>et</span> 
     </span>
     <span class='ocr_line' id='line_1_28' title="bbox 157 2755 1832 2846; baseline 0.004 -24"><span class='ocrx_word' id='word_1_288' title='bbox 157 2760 245 2843; x_wconf 92' lang='lat' dir='ltr'>apud</span> <span class='ocrx_word' id='word_1_289' title='bbox 270 2762 450 2826; x_wconf 91' lang='lat' dir='ltr'>districtum</span> <span class='ocrx_word' id='word_1_290' title='bbox 474 2762 615 2824; x_wconf 89' lang='lat' dir='ltr'>iudicem</span> <span class='ocrx_word' id='word_1_291' title='bbox 638 2760 764 2842; x_wconf 89' lang='lat' dir='ltr'>premia</span> <span class='ocrx_word' id='word_1_292' title='bbox 787 2770 898 2846; x_wconf 90' lang='lat' dir='ltr'>eterne</span> <span class='ocrx_word' id='word_1_293' title='bbox 921 2758 1012 2840; x_wconf 89' lang='lat' dir='ltr'>pacis</span> <span class='ocrx_word' id='word_1_294' title='bbox 1035 2756 1210 2819; x_wconf 89' lang='lat' dir='ltr'>inveniant.</span> <span class='ocrx_word' id='word_1_295' title='bbox 1255 2755 1376 2820; x_wconf 88' lang='lat' dir='ltr'>Amen.</span> <span class='ocrx_word' id='word_1_296' title='bbox 1400 2793 1444 2803; x_wconf 93' lang='lat'><em>-</em></span> <span class='ocrx_word' id='word_1_297' title='bbox 1463 2759 1554 2822; x_wconf 91' lang='lat' dir='ltr'>A·m.</span> <span class='ocrx_word' id='word_1_298' title='bbox 1577 2796 1622 2807; x_wconf 88' lang='lat'>-</span> <span class='ocrx_word' id='word_1_299' title='bbox 1643 2762 1765 2829; x_wconf 88' lang='lat' dir='ltr'>Amen.</span> <span class='ocrx_word' id='word_1_300' title='bbox 1788 2801 1832 2811; x_wconf 94' lang='lat'>—</span> 
     </span>
    </p>

    <p class='ocr_par' dir='ltr' id='par_1_3' title="bbox 370 2843 1413 2936">
     <span class='ocr_line' id='line_1_29' title="bbox 370 2843 1413 2936; baseline -0.005 -23"><span class='ocrx_word' id='word_1_301' title='bbox 370 2848 427 2934; x_wconf 90' lang='lat' dir='ltr'>(R)</span> <span class='ocrx_word' id='word_1_302' title='bbox 451 2853 524 2933; x_wconf 86' lang='lat' dir='ltr'>Ego</span> <span class='ocrx_word' id='word_1_303' title='bbox 549 2850 715 2931; x_wconf 87' lang='lat' dir='ltr'>Eugenius</span> <span class='ocrx_word' id='word_1_304' title='bbox 740 2849 900 2936; x_wconf 72' lang='lat' dir='ltr'>catholice</span> <span class='ocrx_word' id='word_1_305' title='bbox 924 2847 1060 2935; x_wconf 90' lang='lat' dir='ltr'>ecclesie</span> <span class='ocrx_word' id='word_1_306' title='bbox 1083 2847 1259 2928; x_wconf 90' lang='lat' dir='ltr'>episcopus</span> <span class='ocrx_word' id='word_1_307' title='bbox 1282 2866 1323 2910; x_wconf 94' lang='lat' dir='ltr'>ss.</span> <span class='ocrx_word' id='word_1_308' title='bbox 1347 2843 1413 2930; x_wconf 89' lang='lat' dir='ltr'>(M)</span> 
     </span>
    </p>

    <p class='ocr_par' dir='ltr' id='par_1_4' title="bbox 371 2934 1253 3023">
     <span class='ocr_line' id='line_1_30' title="bbox 371 2934 1253 3023; baseline -0.009 -19"><span class='ocrx_word' id='word_1_309' title='bbox 371 2938 391 3023; x_wconf 83' lang='lat'>†</span> <span class='ocrx_word' id='word_1_310' title='bbox 414 2941 488 3022; x_wconf 90' lang='lat' dir='ltr'>Ego</span> <span class='ocrx_word' id='word_1_311' title='bbox 512 2938 687 3003; x_wconf 89' lang='lat' dir='ltr'>Albericus</span> <span class='ocrx_word' id='word_1_312' title='bbox 710 2938 896 3002; x_wconf 92' lang='lat' dir='ltr'>Hostiensis</span> <span class='ocrx_word' id='word_1_313' title='bbox 919 2937 1096 3020; x_wconf 92' lang='lat' dir='ltr'>episcopus</span> <span class='ocrx_word' id='word_1_314' title='bbox 1119 2957 1159 2998; x_wconf 92' lang='lat' dir='ltr'>ss.</span> <span class='ocrx_word' id='word_1_315' title='bbox 1183 2934 1253 3017; x_wconf 84' lang='lat'>(13)</span> 
     </span>
    </p>

    <p class='ocr_par' dir='ltr' id='par_1_5' title="bbox 368 3024 1605 3113">
     <span class='ocr_line' id='line_1_31' title="bbox 368 3024 1605 3113; baseline -0.002 -21"><span class='ocrx_word' id='word_1_316' title='bbox 368 3065 412 3076; x_wconf 92' lang='lat'>-</span> <span class='ocrx_word' id='word_1_317' title='bbox 436 3028 456 3113; x_wconf 83' lang='lat'>†</span> <span class='ocrx_word' id='word_1_318' title='bbox 479 3031 552 3111; x_wconf 89' lang='lat' dir='ltr'>Ego</span> <span class='ocrx_word' id='word_1_319' title='bbox 575 3028 745 3091; x_wconf 87' lang='lat' dir='ltr'>Rainerius</span> <span class='ocrx_word' id='word_1_320' title='bbox 768 3027 931 3110; x_wconf 90' lang='lat' dir='ltr'>presbiter</span> <span class='ocrx_word' id='word_1_321' title='bbox 953 3024 1125 3089; x_wconf 85' lang='lat' dir='ltr'>cardinalis</span> <span class='ocrx_word' id='word_1_322' title='bbox 1148 3024 1196 3087; x_wconf 89' lang='lat' dir='ltr'>tit.</span> <span class='ocrx_word' id='word_1_323' title='bbox 1219 3033 1332 3088; x_wconf 88' lang='lat' dir='ltr'>sancte</span> <span class='ocrx_word' id='word_1_324' title='bbox 1354 3025 1462 3089; x_wconf 91' lang='lat' dir='ltr'>Prisce</span> <span class='ocrx_word' id='word_1_325' title='bbox 1485 3048 1526 3090; x_wconf 90' lang='lat' dir='ltr'>ss.</span> <span class='ocrx_word' id='word_1_326' title='bbox 1552 3029 1605 3108; x_wconf 74' lang='lat'>(3)</span> 
     </span>
    </p>

    <p class='ocr_par' dir='ltr' id='par_1_6' title="bbox 369 3114 1757 3202">
     <span class='ocr_line' id='line_1_32' title="bbox 369 3114 1757 3202; baseline 0.003 -20"><span class='ocrx_word' id='word_1_327' title='bbox 369 3120 486 3202; x_wconf 86' lang='lat' dir='ltr'>†Ego</span> <span class='ocrx_word' id='word_1_328' title='bbox 510 3119 683 3181; x_wconf 87' lang='lat' dir='ltr'>Hubaldus</span> <span class='ocrx_word' id='word_1_329' title='bbox 705 3117 868 3200; x_wconf 92' lang='lat' dir='ltr'>presbiter</span> <span class='ocrx_word' id='word_1_330' title='bbox 891 3116 1063 3180; x_wconf 88' lang='lat' dir='ltr'>cardinalis</span> <span class='ocrx_word' id='word_1_331' title='bbox 1086 3115 1134 3178; x_wconf 92' lang='lat' dir='ltr'>tit.</span> <span class='ocrx_word' id='word_1_332' title='bbox 1158 3124 1346 3177; x_wconf 90' lang='lat' dir='ltr'>sanctorum</span> <span class='ocrx_word' id='word_1_333' title='bbox 1368 3114 1523 3180; x_wconf 91' lang='lat' dir='ltr'>Iohannis</span> <span class='ocrx_word' id='word_1_334' title='bbox 1545 3128 1579 3183; x_wconf 89' lang='lat' dir='ltr'>et</span> <span class='ocrx_word' id='word_1_335' title='bbox 1601 3120 1692 3185; x_wconf 90' lang='lat' dir='ltr'>Pauli</span> <span class='ocrx_word' id='word_1_336' title='bbox 1716 3144 1757 3188; x_wconf 92' lang='lat' dir='ltr'>ss.</span> 
     </span>
    </p>

    <p class='ocr_par' dir='ltr' id='par_1_7' title="bbox 369 3201 1494 3291">
     <span class='ocr_line' id='line_1_33' title="bbox 369 3201 1494 3291; baseline -0.003 -18"><span class='ocrx_word' id='word_1_337' title='bbox 369 3210 390 3287; x_wconf 90' lang='lat'><strong>†</strong></span> <span class='ocrx_word' id='word_1_338' title='bbox 412 3211 486 3291; x_wconf 90' lang='lat' dir='ltr'>Ego</span> <span class='ocrx_word' id='word_1_339' title='bbox 511 3208 700 3272; x_wconf 81' lang='lat' dir='ltr'>Maniredus</span> <span class='ocrx_word' id='word_1_340' title='bbox 723 3206 885 3289; x_wconf 90' lang='lat' dir='ltr'>presbiter</span> <span class='ocrx_word' id='word_1_341' title='bbox 907 3204 1079 3269; x_wconf 90' lang='lat' dir='ltr'>cardinalis</span> <span class='ocrx_word' id='word_1_342' title='bbox 1102 3205 1150 3268; x_wconf 94' lang='lat' dir='ltr'>tit.</span> <span class='ocrx_word' id='word_1_343' title='bbox 1174 3213 1286 3267; x_wconf 90' lang='lat' dir='ltr'>sancte</span> <span class='ocrx_word' id='word_1_344' title='bbox 1310 3201 1430 3269; x_wconf 90' lang='lat' dir='ltr'>Savine</span> <span class='ocrx_word' id='word_1_345' title='bbox 1452 3228 1494 3270; x_wconf 89' lang='lat' dir='ltr'>ss.</span> 
     </span>
    </p>

    <p class='ocr_par' dir='ltr' id='par_1_8' title="bbox 370 3293 1535 3384">
     <span class='ocr_line' id='line_1_34' title="bbox 370 3293 1535 3384; baseline -0.001 -23"><span class='ocrx_word' id='word_1_346' title='bbox 370 3296 391 3380; x_wconf 53' lang='grc' dir='ltr'>’γ</span> <span class='ocrx_word' id='word_1_347' title='bbox 415 3300 488 3381; x_wconf 85' lang='lat' dir='ltr'>Ego</span> <span class='ocrx_word' id='word_1_348' title='bbox 511 3298 684 3361; x_wconf 90' lang='lat' dir='ltr'>Aribertus</span> <span class='ocrx_word' id='word_1_349' title='bbox 706 3295 869 3378; x_wconf 91' lang='lat' dir='ltr'>presbiter</span> <span class='ocrx_word' id='word_1_350' title='bbox 891 3295 1065 3359; x_wconf 90' lang='lat' dir='ltr'>cardinalis</span> <span class='ocrx_word' id='word_1_351' title='bbox 1088 3295 1136 3358; x_wconf 91' lang='lat' dir='ltr'>tit.</span> <span class='ocrx_word' id='word_1_352' title='bbox 1160 3303 1272 3382; x_wconf 88' lang='lat' dir='ltr'>sancte</span> <span class='ocrx_word' id='word_1_353' title='bbox 1295 3293 1470 3384; x_wconf 86' lang='lat' dir='ltr'>Anastasie</span> <span class='ocrx_word' id='word_1_354' title='bbox 1494 3317 1535 3360; x_wconf 91' lang='lat' dir='ltr'>ss.</span> 
     </span>
    </p>

    <p class='ocr_par' dir='ltr' id='par_1_9' title="bbox 369 3383 1705 3471">
     <span class='ocr_line' id='line_1_35' title="bbox 369 3383 1705 3471; baseline 0.001 -20"><span class='ocrx_word' id='word_1_355' title='bbox 369 3389 390 3466; x_wconf 60' lang='grc' dir='ltr'>Τ</span> <span class='ocrx_word' id='word_1_356' title='bbox 413 3389 486 3471; x_wconf 89' lang='lat' dir='ltr'>Ego</span> <span class='ocrx_word' id='word_1_357' title='bbox 510 3387 662 3452; x_wconf 88' lang='lat' dir='ltr'>Ubaldus</span> <span class='ocrx_word' id='word_1_358' title='bbox 684 3387 846 3468; x_wconf 91' lang='lat' dir='ltr'>presbiter</span> <span class='ocrx_word' id='word_1_359' title='bbox 869 3385 1042 3448; x_wconf 88' lang='lat' dir='ltr'>cardinalis</span> <span class='ocrx_word' id='word_1_360' title='bbox 1064 3384 1113 3448; x_wconf 92' lang='lat' dir='ltr'>tit.</span> <span class='ocrx_word' id='word_1_361' title='bbox 1136 3393 1250 3447; x_wconf 90' lang='lat' dir='ltr'>sancte</span> <span class='ocrx_word' id='word_1_362' title='bbox 1274 3383 1385 3447; x_wconf 88' lang='lat' dir='ltr'>Crucis</span> <span class='ocrx_word' id='word_1_363' title='bbox 1408 3385 1442 3448; x_wconf 93' lang='lat' dir='ltr'>in</span> <span class='ocrx_word' id='word_1_364' title='bbox 1464 3385 1639 3451; x_wconf 90' lang='lat' dir='ltr'>Ierusalem</span> <span class='ocrx_word' id='word_1_365' title='bbox 1662 3410 1705 3453; x_wconf 81' lang='lat' dir='ltr'>ss,</span> 
     </span>
    </p>

    <p class='ocr_par' dir='ltr' id='par_1_10' title="bbox 371 3474 1832 3563">
     <span class='ocr_line' id='line_1_36' title="bbox 371 3474 1832 3563; baseline 0.003 -22"><span class='ocrx_word' id='word_1_366' title='bbox 371 3478 392 3554; x_wconf 81' lang='lat'>†</span> <span class='ocrx_word' id='word_1_367' title='bbox 414 3479 487 3559; x_wconf 84' lang='lat' dir='ltr'>Ego</span> <span class='ocrx_word' id='word_1_368' title='bbox 512 3475 621 3541; x_wconf 90' lang='lat' dir='ltr'>Guido</span> <span class='ocrx_word' id='word_1_369' title='bbox 645 3474 807 3558; x_wconf 91' lang='lat' dir='ltr'>presbiter</span> <span class='ocrx_word' id='word_1_370' title='bbox 829 3475 1002 3539; x_wconf 91' lang='lat' dir='ltr'>cardinalis</span> <span class='ocrx_word' id='word_1_371' title='bbox 1026 3475 1073 3537; x_wconf 90' lang='lat' dir='ltr'>tit.</span> <span class='ocrx_word' id='word_1_372' title='bbox 1097 3483 1285 3537; x_wconf 89' lang='lat' dir='ltr'>sanctorum</span> <span class='ocrx_word' id='word_1_373' title='bbox 1306 3475 1472 3538; x_wconf 91' lang='lat' dir='ltr'>Laurentii</span> <span class='ocrx_word' id='word_1_374' title='bbox 1502 3486 1536 3540; x_wconf 88' lang='lat' dir='ltr'>et</span> <span class='ocrx_word' id='word_1_375' title='bbox 1558 3478 1694 3543; x_wconf 87' lang='lat' dir='ltr'>Damasi</span> <span class='ocrx_word' id='word_1_376' title='bbox 1719 3503 1760 3545; x_wconf 87' lang='lat' dir='ltr'>ss.</span> <span class='ocrx_word' id='word_1_377' title='bbox 1784 3483 1832 3563; x_wconf 88' lang='lat'>(1)</span> 
     </span>
    </p>

    <p class='ocr_par' dir='ltr' id='par_1_11' title="bbox 371 3562 1540 3649">
     <span class='ocr_line' id='line_1_37' title="bbox 371 3562 1540 3649; baseline -0.001 -19"><span class='ocrx_word' id='word_1_378' title='bbox 371 3567 392 3645; x_wconf 84' lang='lat'>†</span> <span class='ocrx_word' id='word_1_379' title='bbox 414 3568 488 3649; x_wconf 87' lang='lat' dir='ltr'>Ego</span> <span class='ocrx_word' id='word_1_380' title='bbox 511 3567 696 3630; x_wconf 88' lang='lat' dir='ltr'>Bernardus</span> <span class='ocrx_word' id='word_1_381' title='bbox 719 3566 882 3647; x_wconf 89' lang='lat' dir='ltr'>presbiter</span> <span class='ocrx_word' id='word_1_382' title='bbox 904 3563 1077 3627; x_wconf 88' lang='lat' dir='ltr'>cardinalis</span> <span class='ocrx_word' id='word_1_383' title='bbox 1100 3565 1148 3626; x_wconf 92' lang='lat' dir='ltr'>tit.</span> <span class='ocrx_word' id='word_1_384' title='bbox 1172 3565 1275 3626; x_wconf 90' lang='lat' dir='ltr'>sancti</span> <span class='ocrx_word' id='word_1_385' title='bbox 1300 3562 1477 3628; x_wconf 91' lang='lat' dir='ltr'>Clementis</span> <span class='ocrx_word' id='word_1_386' title='bbox 1500 3587 1540 3629; x_wconf 91' lang='lat' dir='ltr'>ss.</span> 
     </span>
    </p>

    <p class='ocr_par' dir='ltr' id='par_1_12' title="bbox 372 3652 1568 3742">
     <span class='ocr_line' id='line_1_38' title="bbox 372 3652 1568 3742; baseline -0.001 -23"><span class='ocrx_word' id='word_1_387' title='bbox 372 3653 393 3740; x_wconf 90' lang='lat'><strong>†</strong></span> <span class='ocrx_word' id='word_1_388' title='bbox 415 3658 489 3738; x_wconf 90' lang='lat' dir='ltr'>Ego</span> <span class='ocrx_word' id='word_1_389' title='bbox 512 3655 671 3719; x_wconf 89' lang='lat' dir='ltr'>Iordanus</span> <span class='ocrx_word' id='word_1_390' title='bbox 694 3655 856 3738; x_wconf 88' lang='lat' dir='ltr'>presbiter</span> <span class='ocrx_word' id='word_1_391' title='bbox 878 3652 1052 3717; x_wconf 84' lang='lat' dir='ltr'>cardinalis</span> <span class='ocrx_word' id='word_1_392' title='bbox 1075 3653 1123 3716; x_wconf 91' lang='lat' dir='ltr'>tit.</span> <span class='ocrx_word' id='word_1_393' title='bbox 1147 3662 1259 3738; x_wconf 91' lang='lat' dir='ltr'>sancte</span> <span class='ocrx_word' id='word_1_394' title='bbox 1282 3652 1431 3742; x_wconf 88' lang='lat' dir='ltr'>Susanne</span> <span class='ocrx_word' id='word_1_395' title='bbox 1454 3675 1497 3718; x_wconf 89' lang='lat' dir='ltr'>ss.</span> <span class='ocrx_word' id='word_1_396' title='bbox 1521 3657 1568 3735; x_wconf 86' lang='lat'>(1)</span> 
     </span>
    </p>

    <p class='ocr_par' dir='ltr' id='par_1_13' title="bbox 371 3741 1782 3832">
     <span class='ocr_line' id='line_1_39' title="bbox 371 3741 1782 3832; baseline 0.003 -23"><span class='ocrx_word' id='word_1_397' title='bbox 371 3781 415 3791; x_wconf 90' lang='lat'>-</span> <span class='ocrx_word' id='word_1_398' title='bbox 438 3748 459 3827; x_wconf 82' lang='lat'><strong>†</strong></span> <span class='ocrx_word' id='word_1_399' title='bbox 482 3747 555 3827; x_wconf 86' lang='lat' dir='ltr'>Ego</span> <span class='ocrx_word' id='word_1_400' title='bbox 579 3745 681 3809; x_wconf 91' lang='lat' dir='ltr'>Oddo</span> <span class='ocrx_word' id='word_1_401' title='bbox 706 3746 863 3809; x_wconf 89' lang='lat' dir='ltr'>diaconus</span> <span class='ocrx_word' id='word_1_402' title='bbox 886 3743 1059 3807; x_wconf 88' lang='lat' dir='ltr'>cardinalis</span> <span class='ocrx_word' id='word_1_403' title='bbox 1082 3743 1186 3806; x_wconf 89' lang='lat' dir='ltr'>sancti</span> <span class='ocrx_word' id='word_1_404' title='bbox 1210 3743 1342 3824; x_wconf 87' lang='lat' dir='ltr'>Georgii</span> <span class='ocrx_word' id='word_1_405' title='bbox 1367 3744 1410 3806; x_wconf 90' lang='lat' dir='ltr'>ad</span> <span class='ocrx_word' id='word_1_406' title='bbox 1433 3744 1552 3807; x_wconf 90' lang='lat' dir='ltr'>Velum</span> <span class='ocrx_word' id='word_1_407' title='bbox 1577 3741 1721 3832; x_wconf 67' lang='lat' dir='ltr'>aurelJum</span> <span class='ocrx_word' id='word_1_408' title='bbox 1741 3769 1782 3812; x_wconf 89' lang='lat' dir='ltr'>ss.</span> 
     </span>
    </p>

    <p class='ocr_par' dir='ltr' id='par_1_14' title="bbox 372 3832 1652 3919">
     <span class='ocr_line' id='line_1_40' title="bbox 372 3832 1652 3919; baseline 0.002 -21"><span class='ocrx_word' id='word_1_409' title='bbox 372 3833 392 3916; x_wconf 84' lang='lat'>†</span> <span class='ocrx_word' id='word_1_410' title='bbox 415 3837 488 3918; x_wconf 88' lang='lat' dir='ltr'>Ego</span> <span class='ocrx_word' id='word_1_411' title='bbox 513 3835 622 3899; x_wconf 91' lang='lat' dir='ltr'>Guido</span> <span class='ocrx_word' id='word_1_412' title='bbox 647 3835 805 3898; x_wconf 89' lang='lat' dir='ltr'>diaconus</span> <span class='ocrx_word' id='word_1_413' title='bbox 829 3833 1000 3896; x_wconf 86' lang='lat' dir='ltr'>cardinalis</span> <span class='ocrx_word' id='word_1_414' title='bbox 1023 3841 1211 3896; x_wconf 90' lang='lat' dir='ltr'>sanctorum</span> <span class='ocrx_word' id='word_1_415' title='bbox 1234 3832 1353 3919; x_wconf 90' lang='lat' dir='ltr'>Cosme</span> <span class='ocrx_word' id='word_1_416' title='bbox 1377 3843 1410 3896; x_wconf 94' lang='lat' dir='ltr'>et</span> <span class='ocrx_word' id='word_1_417' title='bbox 1432 3835 1587 3898; x_wconf 90' lang='lat' dir='ltr'>Damiani</span> <span class='ocrx_word' id='word_1_418' title='bbox 1610 3858 1652 3900; x_wconf 92' lang='lat' dir='ltr'>ss.</span> 
     </span>
    </p>

    <p class='ocr_par' dir='ltr' id='par_1_15' title="bbox 371 3922 1829 4007">
     <span class='ocr_line' id='line_1_41' title="bbox 371 3922 1829 4007; baseline 0.003 -19"><span class='ocrx_word' id='word_1_419' title='bbox 371 3925 392 4003; x_wconf 86' lang='lat'>†</span> <span class='ocrx_word' id='word_1_420' title='bbox 415 3927 488 4007; x_wconf 91' lang='lat' dir='ltr'>Ego</span> <span class='ocrx_word' id='word_1_421' title='bbox 513 3925 713 3988; x_wconf 90' lang='lat' dir='ltr'>Octavianus</span> <span class='ocrx_word' id='word_1_422' title='bbox 736 3925 893 3988; x_wconf 89' lang='lat' dir='ltr'>diaconus</span> <span class='ocrx_word' id='word_1_423' title='bbox 917 3922 1089 3986; x_wconf 89' lang='lat' dir='ltr'>cardinalis</span> <span class='ocrx_word' id='word_1_424' title='bbox 1112 3922 1215 3984; x_wconf 90' lang='lat' dir='ltr'>sancti</span> <span class='ocrx_word' id='word_1_425' title='bbox 1240 3922 1382 4003; x_wconf 90' lang='lat' dir='ltr'>Nicolay</span> <span class='ocrx_word' id='word_1_426' title='bbox 1405 3923 1437 3985; x_wconf 91' lang='lat' dir='ltr'>in</span> <span class='ocrx_word' id='word_1_427' title='bbox 1462 3945 1591 3990; x_wconf 90' lang='lat' dir='ltr'>carcere</span> <span class='ocrx_word' id='word_1_428' title='bbox 1613 3926 1767 3992; x_wconf 90' lang='lat' dir='ltr'>Tulliano</span> <span class='ocrx_word' id='word_1_429' title='bbox 1789 3950 1829 3993; x_wconf 91' lang='lat' dir='ltr'>ss.</span> 
     </span>
    </p>

    <p class='ocr_par' dir='ltr' id='par_1_16' title="bbox 371 4009 1452 4096">
     <span class='ocr_line' id='line_1_42' title="bbox 371 4009 1452 4096; baseline -0.004 -18"><span class='ocrx_word' id='word_1_430' title='bbox 371 4015 392 4094; x_wconf 83' lang='lat'><strong>†</strong></span> <span class='ocrx_word' id='word_1_431' title='bbox 416 4016 489 4096; x_wconf 86' lang='lat' dir='ltr'>Ego</span> <span class='ocrx_word' id='word_1_432' title='bbox 513 4014 689 4095; x_wconf 88' lang='lat' dir='ltr'>Gregorius</span> <span class='ocrx_word' id='word_1_433' title='bbox 709 4012 738 4096; x_wconf 76' lang='lat'>²)</span> <span class='ocrx_word' id='word_1_434' title='bbox 762 4014 921 4076; x_wconf 90' lang='lat' dir='ltr'>diaconus</span> <span class='ocrx_word' id='word_1_435' title='bbox 944 4011 1116 4075; x_wconf 91' lang='lat' dir='ltr'>cardinalis</span> <span class='ocrx_word' id='word_1_436' title='bbox 1139 4013 1243 4075; x_wconf 90' lang='lat' dir='ltr'>sancti</span> <span class='ocrx_word' id='word_1_437' title='bbox 1266 4009 1388 4094; x_wconf 89' lang='lat' dir='ltr'>Angeli</span> <span class='ocrx_word' id='word_1_438' title='bbox 1411 4032 1452 4075; x_wconf 93' lang='lat' dir='ltr'>ss.</span> 
     </span>
    </p>

    <p class='ocr_par' dir='ltr' id='par_1_17' title="bbox 371 4099 1563 4187">
     <span class='ocr_line' id='line_1_43' title="bbox 371 4099 1563 4187; baseline 0 -21"><span class='ocrx_word' id='word_1_439' title='bbox 371 4104 392 4181; x_wconf 89' lang='lat'>†</span> <span class='ocrx_word' id='word_1_440' title='bbox 415 4105 489 4186; x_wconf 88' lang='lat' dir='ltr'>Ego</span> <span class='ocrx_word' id='word_1_441' title='bbox 513 4104 675 4167; x_wconf 90' lang='lat' dir='ltr'>lohannes</span> <span class='ocrx_word' id='word_1_442' title='bbox 699 4104 855 4166; x_wconf 90' lang='lat' dir='ltr'>diaconus</span> <span class='ocrx_word' id='word_1_443' title='bbox 878 4101 1051 4165; x_wconf 89' lang='lat' dir='ltr'>cardinalis</span> <span class='ocrx_word' id='word_1_444' title='bbox 1073 4111 1186 4164; x_wconf 89' lang='lat' dir='ltr'>sancte</span> <span class='ocrx_word' id='word_1_445' title='bbox 1210 4101 1312 4164; x_wconf 90' lang='lat' dir='ltr'>Marie</span> <span class='ocrx_word' id='word_1_446' title='bbox 1336 4122 1421 4165; x_wconf 89' lang='lat' dir='ltr'>nove</span> <span class='ocrx_word' id='word_1_447' title='bbox 1444 4123 1485 4167; x_wconf 92' lang='lat' dir='ltr'>ss.</span> <span class='ocrx_word' id='word_1_448' title='bbox 1510 4099 1563 4187; x_wconf 87' lang='lat'>(2)</span> 
     </span>
    </p>

    <p class='ocr_par' dir='ltr' id='par_1_18' title="bbox 372 4191 1539 4274">
     <span class='ocr_line' id='line_1_44' title="bbox 372 4191 1539 4274; baseline -0.001 -18"><span class='ocrx_word' id='word_1_449' title='bbox 372 4194 393 4271; x_wconf 87' lang='lat'><strong>†</strong></span> <span class='ocrx_word' id='word_1_450' title='bbox 415 4195 489 4274; x_wconf 87' lang='lat' dir='ltr'>Ego</span> <span class='ocrx_word' id='word_1_451' title='bbox 513 4192 622 4256; x_wconf 90' lang='lat' dir='ltr'>Guido</span> <span class='ocrx_word' id='word_1_452' title='bbox 647 4194 805 4256; x_wconf 90' lang='lat' dir='ltr'>diaconus</span> <span class='ocrx_word' id='word_1_453' title='bbox 828 4191 1001 4255; x_wconf 90' lang='lat' dir='ltr'>cardinalis</span> <span class='ocrx_word' id='word_1_454' title='bbox 1024 4199 1137 4254; x_wconf 90' lang='lat' dir='ltr'>sancte</span> <span class='ocrx_word' id='word_1_455' title='bbox 1161 4191 1265 4254; x_wconf 91' lang='lat' dir='ltr'>Marie</span> <span class='ocrx_word' id='word_1_456' title='bbox 1289 4191 1322 4252; x_wconf 91' lang='lat' dir='ltr'>in</span> <span class='ocrx_word' id='word_1_457' title='bbox 1344 4191 1474 4255; x_wconf 92' lang='lat' dir='ltr'>Porticu</span> <span class='ocrx_word' id='word_1_458' title='bbox 1497 4214 1539 4255; x_wconf 85' lang='lat' dir='ltr'>ss.</span> 
     </span>
    </p>

    <p class='ocr_par' dir='ltr' id='par_1_19' title="bbox 371 4277 1563 4364">
     <span class='ocr_line' id='line_1_45' title="bbox 371 4277 1563 4364; baseline 0 -19"><span class='ocrx_word' id='word_1_459' title='bbox 371 4282 392 4359; x_wconf 84' lang='lat'>†</span> <span class='ocrx_word' id='word_1_460' title='bbox 415 4284 489 4364; x_wconf 87' lang='lat' dir='ltr'>Ego</span> <span class='ocrx_word' id='word_1_461' title='bbox 512 4282 625 4345; x_wconf 91' lang='lat' dir='ltr'>Petrus</span> <span class='ocrx_word' id='word_1_462' title='bbox 648 4283 806 4346; x_wconf 89' lang='lat' dir='ltr'>diaconus</span> <span class='ocrx_word' id='word_1_463' title='bbox 830 4280 1003 4345; x_wconf 90' lang='lat' dir='ltr'>cardinalis</span> <span class='ocrx_word' id='word_1_464' title='bbox 1025 4290 1139 4343; x_wconf 92' lang='lat' dir='ltr'>sancte</span> <span class='ocrx_word' id='word_1_465' title='bbox 1163 4280 1268 4342; x_wconf 91' lang='lat' dir='ltr'>Marie</span> <span class='ocrx_word' id='word_1_466' title='bbox 1290 4280 1322 4343; x_wconf 93' lang='lat' dir='ltr'>in</span> <span class='ocrx_word' id='word_1_467' title='bbox 1345 4277 1411 4344; x_wconf 92' lang='lat' dir='ltr'>Via</span> <span class='ocrx_word' id='word_1_468' title='bbox 1433 4282 1500 4345; x_wconf 89' lang='lat' dir='ltr'>lata</span> <span class='ocrx_word' id='word_1_469' title='bbox 1522 4304 1563 4346; x_wconf 91' lang='lat' dir='ltr'>ss.</span> 
     </span>
    </p>

    <p class='ocr_par' dir='ltr' id='par_1_20' title="bbox 371 4369 1698 4456">
     <span class='ocr_line' id='line_1_46' title="bbox 371 4369 1698 4456; baseline 0.002 -21"><span class='ocrx_word' id='word_1_470' title='bbox 371 4372 392 4449; x_wconf 83' lang='lat'>†</span> <span class='ocrx_word' id='word_1_471' title='bbox 414 4373 488 4453; x_wconf 91' lang='lat' dir='ltr'>Ego</span> <span class='ocrx_word' id='word_1_472' title='bbox 513 4371 661 4435; x_wconf 91' lang='lat' dir='ltr'>Cinthius</span> <span class='ocrx_word' id='word_1_473' title='bbox 685 4373 843 4435; x_wconf 90' lang='lat' dir='ltr'>diaconus</span> <span class='ocrx_word' id='word_1_474' title='bbox 866 4370 1039 4434; x_wconf 91' lang='lat' dir='ltr'>cardinalis</span> <span class='ocrx_word' id='word_1_475' title='bbox 1062 4378 1250 4432; x_wconf 90' lang='lat' dir='ltr'>sanctorum</span> <span class='ocrx_word' id='word_1_476' title='bbox 1273 4369 1377 4452; x_wconf 83' lang='lat' dir='ltr'>Sergii</span> <span class='ocrx_word' id='word_1_477' title='bbox 1402 4381 1434 4435; x_wconf 90' lang='lat' dir='ltr'>et</span> <span class='ocrx_word' id='word_1_478' title='bbox 1457 4370 1558 4436; x_wconf 88' lang='lat' dir='ltr'>Baehi</span> <span class='ocrx_word' id='word_1_479' title='bbox 1581 4394 1623 4437; x_wconf 92' lang='lat' dir='ltr'>ss.</span> <span class='ocrx_word' id='word_1_480' title='bbox 1647 4369 1698 4456; x_wconf 81' lang='lat'>(5)</span> 
     </span>
    </p>

    <p class='ocr_par' dir='ltr' id='par_1_21' title="bbox 318 4459 1831 4548">
     <span class='ocr_line' id='line_1_47' title="bbox 318 4459 1831 4548; baseline 0.004 -27"><span class='ocrx_word' id='word_1_481' title='bbox 318 4461 394 4523; x_wconf 89' lang='lat' dir='ltr'>Dat.</span> <span class='ocrx_word' id='word_1_482' title='bbox 418 4461 525 4537; x_wconf 89' lang='lat' dir='ltr'>Sutrii,</span> <span class='ocrx_word' id='word_1_483' title='bbox 553 4482 613 4542; x_wconf 92' lang='lat' dir='ltr'>per</span> <span class='ocrx_word' id='word_1_484' title='bbox 637 4482 769 4525; x_wconf 91' lang='lat' dir='ltr'>manum</span> <span class='ocrx_word' id='word_1_485' title='bbox 792 4462 962 4535; x_wconf 78' lang='lat' dir='ltr'>ROBERTI,</span> <span class='ocrx_word' id='word_1_486' title='bbox 993 4469 1104 4547; x_wconf 91' lang='lat' dir='ltr'>sancte</span> <span class='ocrx_word' id='word_1_487' title='bbox 1127 4459 1277 4546; x_wconf 89' lang='lat' dir='ltr'>Romane</span> <span class='ocrx_word' id='word_1_488' title='bbox 1301 4461 1437 4548; x_wconf 72' lang='lat' dir='ltr'>ecclesie</span> <span class='ocrx_word' id='word_1_489' title='bbox 1459 4463 1632 4543; x_wconf 90' lang='lat' dir='ltr'>presbiteri</span> <span class='ocrx_word' id='word_1_490' title='bbox 1657 4464 1831 4528; x_wconf 89' lang='lat' dir='ltr'>cardinalis</span> 
     </span>
    </p>

    <p class='ocr_par' dir='ltr' id='par_1_22' title="bbox 159 4548 1833 4722">
     <span class='ocr_line' id='line_1_48' title="bbox 159 4548 1833 4639; baseline 0.005 -29"><span class='ocrx_word' id='word_1_491' title='bbox 159 4557 192 4611; x_wconf 92' lang='lat' dir='ltr'>et</span> <span class='ocrx_word' id='word_1_492' title='bbox 223 4550 414 4613; x_wconf 87' lang='lat' dir='ltr'>cancellarii.</span> <span class='ocrx_word' id='word_1_493' title='bbox 459 4563 508 4613; x_wconf 87' lang='lat' dir='ltr'>xv</span> <span class='ocrx_word' id='word_1_494' title='bbox 539 4549 593 4613; x_wconf 90' lang='lat' dir='ltr'>Kl.</span> <span class='ocrx_word' id='word_1_495' title='bbox 626 4551 714 4615; x_wconf 89' lang='lat' dir='ltr'>Maii.</span> <span class='ocrx_word' id='word_1_496' title='bbox 760 4550 943 4614; x_wconf 91' lang='lat' dir='ltr'>Indictione</span> <span class='ocrx_word' id='word_1_497' title='bbox 973 4562 1058 4612; x_wconf 82' lang='lat' dir='ltr'>V1111.</span> <span class='ocrx_word' id='word_1_498' title='bbox 1104 4548 1340 4612; x_wconf 90' lang='lat' dir='ltr'>lncarnationis</span> <span class='ocrx_word' id='word_1_499' title='bbox 1370 4551 1535 4639; x_wconf 90' lang='lat' dir='ltr'>dominice</span> <span class='ocrx_word' id='word_1_500' title='bbox 1566 4572 1654 4616; x_wconf 87' lang='lat' dir='ltr'>anno</span> <span class='ocrx_word' id='word_1_501' title='bbox 1687 4565 1833 4618; x_wconf 79' lang='lat' dir='ltr'>Mchvl.</span> 
     </span>
     <span class='ocr_line' id='line_1_49' title="bbox 160 4638 1158 4722; baseline 0 -21"><span class='ocrx_word' id='word_1_502' title='bbox 160 4638 374 4701; x_wconf 88' lang='lat' dir='ltr'>Pontificatus</span> <span class='ocrx_word' id='word_1_503' title='bbox 396 4660 473 4702; x_wconf 89' lang='lat' dir='ltr'>vero</span> <span class='ocrx_word' id='word_1_504' title='bbox 499 4640 613 4703; x_wconf 92' lang='lat' dir='ltr'>domni</span> <span class='ocrx_word' id='word_1_505' title='bbox 636 4641 775 4722; x_wconf 91' lang='lat' dir='ltr'>Eugenii</span> <span class='ocrx_word' id='word_1_506' title='bbox 799 4639 920 4702; x_wconf 89' lang='lat' dir='ltr'>111PP.</span> <span class='ocrx_word' id='word_1_507' title='bbox 945 4659 1031 4702; x_wconf 92' lang='lat' dir='ltr'>anno</span> <span class='ocrx_word' id='word_1_508' title='bbox 1055 4652 1090 4700; x_wconf 89' lang='lat'>11.</span> <span class='ocrx_word' id='word_1_509' title='bbox 1115 4672 1158 4683; x_wconf 91' lang='lat'>-</span> 
     </span>
    </p>
   </div>
   <div class='ocr_carea' id='block_1_3' title="bbox 158 4751 1836 5469">
    <p class='ocr_par' dir='ltr' id='par_1_23' title="bbox 323 4751 875 4818">
     <span class='ocr_line' id='line_1_50' title="bbox 323 4751 875 4818; baseline 0.004 -17"><span class='ocrx_word' id='word_1_510' title='bbox 323 4752 365 4801; x_wconf 89' lang='lat' dir='ltr'>Or.</span> <span class='ocrx_word' id='word_1_511' title='bbox 385 4751 418 4800; x_wconf 85' lang='lat' dir='ltr'>im</span> <span class='ocrx_word' id='word_1_512' title='bbox 436 4753 549 4803; x_wconf 79' lang='lat' dir='ltr'>Archivio</span> <span class='ocrx_word' id='word_1_513' title='bbox 570 4754 703 4818; x_wconf 72' lang='lat' dir='ltr'>capitolare</span> <span class='ocrx_word' id='word_1_514' title='bbox 718 4772 748 4803; x_wconf 78' lang='lat' dir='ltr'>ru</span> <span class='ocrx_word' id='word_1_515' title='bbox 770 4754 875 4805; x_wconf 81' lang='lat' dir='ltr'>Vercelli.</span> 
     </span>
    </p>

    <p class='ocr_par' dir='ltr' id='par_1_24' title="bbox 158 4822 1836 5469">
     <span class='ocr_line' id='line_1_51' title="bbox 320 4822 1836 4896; baseline 0.005 -24"><span class='ocrx_word' id='word_1_516' title='bbox 320 4824 389 4889; x_wconf 80' lang='lat' dir='ltr'>Perg.</span> <span class='ocrx_word' id='word_1_517' title='bbox 407 4825 467 4885; x_wconf 75' lang='lat' dir='ltr'>irat,</span> <span class='ocrx_word' id='word_1_518' title='bbox 486 4826 520 4874; x_wconf 81' lang='lat' dir='ltr'>br.</span> <span class='ocrx_word' id='word_1_519' title='bbox 539 4828 626 4886; x_wconf 58' lang='lat'>0555,</span> <span class='ocrx_word' id='word_1_520' title='bbox 643 4829 704 4893; x_wconf 83' lang='lat' dir='ltr'>lang</span> <span class='ocrx_word' id='word_1_521' title='bbox 720 4829 806 4887; x_wconf 82' lang='lat'>0,736,</span> <span class='ocrx_word' id='word_1_522' title='bbox 825 4833 899 4876; x_wconf 81' lang='lat' dir='ltr'>untm</span> <span class='ocrx_word' id='word_1_523' title='bbox 917 4826 995 4881; x_wconf 80' lang='lat'>0,035</span> <span class='ocrx_word' id='word_1_524' title='bbox 1013 4824 1201 4890; x_wconf 75' lang='lat' dir='ltr'>umgescllagm,</span> <span class='ocrx_word' id='word_1_525' title='bbox 1231 4822 1308 4873; x_wconf 74' lang='lat' dir='ltr'>dunt</span> <span class='ocrx_word' id='word_1_526' title='bbox 1325 4823 1383 4873; x_wconf 78' lang='lat' dir='ltr'>swer&#39;</span> <span class='ocrx_word' id='word_1_527' title='bbox 1400 4824 1492 4876; x_wconf 64' lang='lat' dir='ltr'>Lo&#39;cker</span> <span class='ocrx_word' id='word_1_528' title='bbox 1505 4827 1562 4893; x_wconf 78' lang='lat' dir='ltr'>geht</span> <span class='ocrx_word' id='word_1_529' title='bbox 1578 4826 1615 4878; x_wconf 80' lang='lat' dir='ltr'>die</span> <span class='ocrx_word' id='word_1_530' title='bbox 1631 4845 1686 4879; x_wconf 84' lang='lat' dir='ltr'>rosa</span> <span class='ocrx_word' id='word_1_531' title='bbox 1704 4830 1761 4878; x_wconf 78' lang='lat' dir='ltr'>und</span> <span class='ocrx_word' id='word_1_532' title='bbox 1771 4831 1836 4896; x_wconf 67' lang='lat' dir='ltr'>gebba</span> 
     </span>
     <span class='ocr_line' id='line_1_52' title="bbox 159 4894 1834 4967; baseline 0.005 -23"><span class='ocrx_word' id='word_1_533' title='bbox 159 4894 346 4954; x_wconf 80' lang='lat' dir='ltr'>Seidcnsclnur,</span> <span class='ocrx_word' id='word_1_534' title='bbox 371 4912 405 4944; x_wconf 80' lang='lat' dir='ltr'>an</span> <span class='ocrx_word' id='word_1_535' title='bbox 431 4897 473 4945; x_wconf 85' lang='lat' dir='ltr'>der</span> <span class='ocrx_word' id='word_1_536' title='bbox 496 4897 542 4945; x_wconf 86' lang='lat' dir='ltr'>das</span> <span class='ocrx_word' id='word_1_537' title='bbox 559 4898 684 4963; x_wconf 76' lang='lat' dir='ltr'>Bleirr&#39;egel</span> <span class='ocrx_word' id='word_1_538' title='bbox 697 4898 744 4947; x_wconf 88' lang='lat' dir='ltr'>Nr.</span> <span class='ocrx_word' id='word_1_539' title='bbox 765 4899 882 4964; x_wconf 67' lang='lat' dir='ltr'>dhdngr.</span> <span class='ocrx_word' id='word_1_540' title='bbox 919 4897 1029 4964; x_wconf 77' lang='lat' dir='ltr'>Fallung</span> <span class='ocrx_word' id='word_1_541' title='bbox 1045 4897 1089 4946; x_wconf 79' lang='lat' dir='ltr'>der</span> <span class='ocrx_word' id='word_1_542' title='bbox 1105 4897 1202 4946; x_wconf 82' lang='lat' dir='ltr'>Bullen.</span> <span class='ocrx_word' id='word_1_543' title='bbox 1239 4896 1335 4945; x_wconf 77' lang='lat' dir='ltr'>Inr&#39;tr&#39;ale</span> <span class='ocrx_word' id='word_1_544' title='bbox 1353 4898 1433 4957; x_wconf 71' lang='lat'>0,054</span> <span class='ocrx_word' id='word_1_545' title='bbox 1450 4897 1517 4959; x_wconf 74' lang='lat' dir='ltr'>koch,</span> <span class='ocrx_word' id='word_1_546' title='bbox 1540 4899 1650 4951; x_wconf 75' lang='lat' dir='ltr'>venitm</span> <span class='ocrx_word' id='word_1_547' title='bbox 1671 4901 1834 4967; x_wconf 80' lang='lat' dir='ltr'>Uncr&#39;alsorm.</span> 
     </span>
     <span class='ocr_line' id='line_1_53' title="bbox 165 4967 1834 5036; baseline 0.005 -21"><span class='ocrx_word' id='word_1_548' title='bbox 165 4967 321 5033; x_wconf 77' lang='lat' dir='ltr'>chm&#39;greng</span> <span class='ocrx_word' id='word_1_549' title='bbox 336 4984 387 5016; x_wconf 81' lang='lat' dir='ltr'>nur</span> <span class='ocrx_word' id='word_1_550' title='bbox 404 4968 465 5026; x_wconf 79' lang='lat'>0,04</span> <span class='ocrx_word' id='word_1_551' title='bbox 474 4969 592 5031; x_wconf 67' lang='lat' dir='ltr'>fitllmd,</span> <span class='ocrx_word' id='word_1_552' title='bbox 611 4969 670 5018; x_wconf 81' lang='lat' dir='ltr'>ohne</span> <span class='ocrx_word' id='word_1_553' title='bbox 685 4971 813 5036; x_wconf 80' lang='lat' dir='ltr'>Beronung</span> <span class='ocrx_word' id='word_1_554' title='bbox 830 4970 876 5020; x_wconf 86' lang='lat' dir='ltr'>Nr.</span> <span class='ocrx_word' id='word_1_555' title='bbox 897 4969 1000 5035; x_wconf 72' lang='lat' dir='ltr'>thPf.</span> <span class='ocrx_word' id='word_1_556' title='bbox 1037 4969 1075 5017; x_wconf 85' lang='lat' dir='ltr'>Im</span> <span class='ocrx_word' id='word_1_557' title='bbox 1093 4967 1234 5032; x_wconf 78' lang='lat' dir='ltr'>Konsm&#39;ptc</span> <span class='ocrx_word' id='word_1_558' title='bbox 1251 4968 1310 5016; x_wconf 80' lang='lat' dir='ltr'>sind</span> <span class='ocrx_word' id='word_1_559' title='bbox 1330 4968 1367 5017; x_wconf 79' lang='lat' dir='ltr'>dic</span> <span class='ocrx_word' id='word_1_560' title='bbox 1380 4985 1480 5034; x_wconf 80' lang='lat' dir='ltr'>grossen</span> <span class='ocrx_word' id='word_1_561' title='bbox 1498 4971 1648 5022; x_wconf 80' lang='lat' dir='ltr'>Buchstabm</span> <span class='ocrx_word' id='word_1_562' title='bbox 1665 4973 1734 5023; x_wconf 78' lang='lat' dir='ltr'>stark</span> <span class='ocrx_word' id='word_1_563' title='bbox 1751 4974 1834 5034; x_wconf 78' lang='lat' dir='ltr'>betont,</span> 
     </span>
     <span class='ocr_line' id='line_1_54' title="bbox 160 5038 1836 5109; baseline 0.005 -22"><span class='ocrx_word' id='word_1_564' title='bbox 160 5046 183 5088; x_wconf 91' lang='lat' dir='ltr'>ct</span> <span class='ocrx_word' id='word_1_565' title='bbox 210 5038 265 5086; x_wconf 84' lang='lat' dir='ltr'>und</span> <span class='ocrx_word' id='word_1_566' title='bbox 287 5041 373 5088; x_wconf 78' lang='lat' dir='ltr'>struit</span> <span class='ocrx_word' id='word_1_567' title='bbox 396 5040 594 5101; x_wconf 81' lang='lat' dir='ltr'>Abbudrlbalkcn,</span> <span class='ocrx_word' id='word_1_568' title='bbox 618 5042 697 5105; x_wconf 83' lang='lat' dir='ltr'>gmit</span> <span class='ocrx_word' id='word_1_569' title='bbox 725 5041 920 5107; x_wconf 66' lang='lat' dir='ltr'>Schlerfemattel,</span> <span class='ocrx_word' id='word_1_570' title='bbox 949 5041 1093 5090; x_wconf 83' lang='lat' dir='ltr'>Zeilenweite</span> <span class='ocrx_word' id='word_1_571' title='bbox 1116 5057 1135 5088; x_wconf 88' lang='lat' dir='ltr'>c.</span> <span class='ocrx_word' id='word_1_572' title='bbox 1155 5041 1243 5100; x_wconf 83' lang='lat'>0,018.</span> <span class='ocrx_word' id='word_1_573' title='bbox 1288 5042 1367 5089; x_wconf 81' lang='lat' dir='ltr'>Amen</span> <span class='ocrx_word' id='word_1_574' title='bbox 1384 5041 1432 5091; x_wconf 88' lang='lat' dir='ltr'>Nr.</span> <span class='ocrx_word' id='word_1_575' title='bbox 1458 5040 1522 5092; x_wconf 82' lang='lat' dir='ltr'>7x².</span> <span class='ocrx_word' id='word_1_576' title='bbox 1559 5045 1622 5093; x_wconf 78' lang='lat' dir='ltr'>Rota</span> <span class='ocrx_word' id='word_1_577' title='bbox 1648 5045 1696 5094; x_wconf 81' lang='lat' dir='ltr'>Nr.</span> <span class='ocrx_word' id='word_1_578' title='bbox 1720 5048 1737 5094; x_wconf 75' lang='lat'>4</span> <span class='ocrx_word' id='word_1_579' title='bbox 1764 5045 1836 5109; x_wconf 81' lang='lat' dir='ltr'>(Ver-</span> 
     </span>
     <span class='ocr_line' id='line_1_55' title="bbox 159 5110 1834 5183; baseline 0.006 -26"><span class='ocrx_word' id='word_1_580' title='bbox 159 5111 293 5175; x_wconf 79' lang='lat' dir='ltr'>diclmngcn</span> <span class='ocrx_word' id='word_1_581' title='bbox 310 5111 377 5160; x_wconf 71' lang='lat' dir='ltr'>nich!</span> <span class='ocrx_word' id='word_1_582' title='bbox 393 5113 479 5171; x_wconf 74' lang='lat' dir='ltr'>stark),</span> <span class='ocrx_word' id='word_1_583' title='bbox 499 5113 675 5162; x_wconf 81' lang='lat' dir='ltr'>Durchnusser</span> <span class='ocrx_word' id='word_1_584' title='bbox 692 5115 762 5173; x_wconf 82' lang='lat'>0,06,</span> <span class='ocrx_word' id='word_1_585' title='bbox 780 5130 834 5163; x_wconf 84' lang='lat' dir='ltr'>vom</span> <span class='ocrx_word' id='word_1_586' title='bbox 853 5113 1023 5178; x_wconf 82' lang='lat' dir='ltr'>Monogramm</span> <span class='ocrx_word' id='word_1_587' title='bbox 1042 5115 1129 5173; x_wconf 51' lang='lat'>0322.</span> <span class='ocrx_word' id='word_1_588' title='bbox 1166 5110 1336 5177; x_wconf 76' lang='lat' dir='ltr'>Mmrogramm</span> <span class='ocrx_word' id='word_1_589' title='bbox 1354 5113 1402 5163; x_wconf 84' lang='lat' dir='ltr'>Nr.</span> <span class='ocrx_word' id='word_1_590' title='bbox 1419 5114 1459 5173; x_wconf 72' lang='lat'>211,</span> <span class='ocrx_word' id='word_1_591' title='bbox 1478 5115 1650 5183; x_wconf 76' lang='lat' dir='ltr'>starksm&#39;clu&#39;g,</span> <span class='ocrx_word' id='word_1_592' title='bbox 1668 5117 1728 5166; x_wconf 77' lang='lat' dir='ltr'>koch</span> <span class='ocrx_word' id='word_1_593' title='bbox 1746 5119 1834 5182; x_wconf 61' lang='lat'>0964,</span> 
     </span>
     <span class='ocr_line' id='line_1_56' title="bbox 159 5183 1835 5256; baseline 0.006 -26"><span class='ocrx_word' id='word_1_594' title='bbox 159 5183 218 5231; x_wconf 81' lang='lat' dir='ltr'>brcit</span> <span class='ocrx_word' id='word_1_595' title='bbox 243 5183 329 5244; x_wconf 83' lang='lat'>0,038.</span> <span class='ocrx_word' id='word_1_596' title='bbox 377 5183 527 5249; x_wconf 77' lang='lat' dir='ltr'>Ringkreuz,</span> <span class='ocrx_word' id='word_1_597' title='bbox 565 5185 623 5234; x_wconf 84' lang='lat' dir='ltr'>Um·</span> <span class='ocrx_word' id='word_1_598' title='bbox 651 5185 707 5234; x_wconf 85' lang='lat' dir='ltr'>und</span> <span class='ocrx_word' id='word_1_599' title='bbox 734 5185 898 5249; x_wconf 73' lang='lat' dir='ltr'>Untersclrrr‘ft</span> <span class='ocrx_word' id='word_1_600' title='bbox 923 5185 990 5235; x_wconf 81' lang='lat' dir='ltr'>wohl</span> <span class='ocrx_word' id='word_1_601' title='bbox 1020 5201 1067 5235; x_wconf 84' lang='lat' dir='ltr'>von</span> <span class='ocrx_word' id='word_1_602' title='bbox 1094 5183 1199 5251; x_wconf 74' lang='lat' dir='ltr'>gleicher</span> <span class='ocrx_word' id='word_1_603' title='bbox 1228 5184 1309 5232; x_wconf 84' lang='lat' dir='ltr'>Hand</span> <span class='ocrx_word' id='word_1_604' title='bbox 1340 5186 1395 5233; x_wconf 88' lang='lat' dir='ltr'>und</span> <span class='ocrx_word' id='word_1_605' title='bbox 1419 5184 1501 5236; x_wconf 72' lang='lat' dir='ltr'>Divite.</span> <span class='ocrx_word' id='word_1_606' title='bbox 1554 5188 1603 5237; x_wconf 79' lang='lat' dir='ltr'>Dic</span> <span class='ocrx_word' id='word_1_607' title='bbox 1632 5188 1762 5256; x_wconf 78' lang='lat' dir='ltr'>Datinmg</span> <span class='ocrx_word' id='word_1_608' title='bbox 1787 5205 1835 5239; x_wconf 79' lang='lat' dir='ltr'>von</span> 
     </span>
     <span class='ocr_line' id='line_1_57' title="bbox 158 5253 1834 5328; baseline 0.006 -27"><span class='ocrx_word' id='word_1_609' title='bbox 158 5255 203 5302; x_wconf 77' lang='lat' dir='ltr'>dtr</span> <span class='ocrx_word' id='word_1_610' title='bbox 220 5253 300 5302; x_wconf 82' lang='lat' dir='ltr'>Hand</span> <span class='ocrx_word' id='word_1_611' title='bbox 314 5255 369 5302; x_wconf 84' lang='lat' dir='ltr'>und</span> <span class='ocrx_word' id='word_1_612' title='bbox 384 5255 459 5304; x_wconf 81' lang='lat' dir='ltr'>Dinte</span> <span class='ocrx_word' id='word_1_613' title='bbox 476 5257 516 5305; x_wconf 83' lang='lat' dir='ltr'>des</span> <span class='ocrx_word' id='word_1_614' title='bbox 532 5256 687 5321; x_wconf 79' lang='lat' dir='ltr'>Konscn&#39;prs,</span> <span class='ocrx_word' id='word_1_615' title='bbox 713 5257 818 5307; x_wconf 88' lang='lat' dir='ltr'>Roberti</span> <span class='ocrx_word' id='word_1_616' title='bbox 843 5257 916 5306; x_wconf 78' lang='lat' dir='ltr'>dorin</span> <span class='ocrx_word' id='word_1_617' title='bbox 942 5256 1123 5322; x_wconf 76' lang='lat' dir='ltr'>nactgctragen.</span> <span class='ocrx_word' id='word_1_618' title='bbox 1161 5254 1257 5321; x_wconf 81' lang='lat' dir='ltr'>Zeugen</span> <span class='ocrx_word' id='word_1_619' title='bbox 1274 5256 1379 5305; x_wconf 78' lang='lat' dir='ltr'>riemlr&#39;clr</span> <span class='ocrx_word' id='word_1_620' title='bbox 1397 5255 1474 5307; x_wconf 69' lang='lat' dir='ltr'>sicta</span> <span class='ocrx_word' id='word_1_621' title='bbox 1489 5257 1535 5307; x_wconf 83' lang='lat' dir='ltr'>mit</span> <span class='ocrx_word' id='word_1_622' title='bbox 1551 5258 1658 5328; x_wconf 76' lang='lat' dir='ltr'>wenigm</span> <span class='ocrx_word' id='word_1_623' title='bbox 1674 5261 1834 5311; x_wconf 74' lang='lat' dir='ltr'>Amnahmm</span> 
     </span>
     <span class='ocr_line' id='line_1_58' title="bbox 159 5325 1832 5390; baseline 0.007 -17"><span class='ocrx_word' id='word_1_624' title='bbox 159 5327 206 5374; x_wconf 80' lang='lat' dir='ltr'>alle</span> <span class='ocrx_word' id='word_1_625' title='bbox 229 5341 276 5374; x_wconf 78' lang='lat' dir='ltr'>von</span> <span class='ocrx_word' id='word_1_626' title='bbox 290 5325 396 5390; x_wconf 81' lang='lat' dir='ltr'>gleicher</span> <span class='ocrx_word' id='word_1_627' title='bbox 412 5326 492 5375; x_wconf 81' lang='lat' dir='ltr'>Hand</span> <span class='ocrx_word' id='word_1_628' title='bbox 512 5328 568 5376; x_wconf 86' lang='lat' dir='ltr'>und</span> <span class='ocrx_word' id='word_1_629' title='bbox 584 5329 671 5390; x_wconf 79' lang='lat' dir='ltr'>Dinre,</span> <span class='ocrx_word' id='word_1_630' title='bbox 700 5328 836 5390; x_wconf 77' lang='lat' dir='ltr'>theilwer&#39;se,</span> <span class='ocrx_word' id='word_1_631' title='bbox 867 5346 886 5378; x_wconf 77' lang='lat' dir='ltr'>r.</span> <span class='ocrx_word' id='word_1_632' title='bbox 906 5330 936 5378; x_wconf 84' lang='lat' dir='ltr'>B.</span> <span class='ocrx_word' id='word_1_633' title='bbox 960 5329 995 5378; x_wconf 79' lang='lat' dir='ltr'>bei</span> <span class='ocrx_word' id='word_1_634' title='bbox 1018 5329 1064 5378; x_wconf 84' lang='lat' dir='ltr'>den</span> <span class='ocrx_word' id='word_1_635' title='bbox 1089 5331 1171 5377; x_wconf 80' lang='lat' dir='ltr'>letsten</span> <span class='ocrx_word' id='word_1_636' title='bbox 1198 5327 1251 5376; x_wconf 83' lang='lat' dir='ltr'>drer&#39;</span> <span class='ocrx_word' id='word_1_637' title='bbox 1266 5327 1402 5389; x_wconf 71' lang='lat' dir='ltr'>Diakomn,</span> <span class='ocrx_word' id='word_1_638' title='bbox 1429 5329 1495 5378; x_wconf 79' lang='lat' dir='ltr'>nicht</span> <span class='ocrx_word' id='word_1_639' title='bbox 1516 5330 1609 5380; x_wconf 81' lang='lat' dir='ltr'>einmal</span> <span class='ocrx_word' id='word_1_640' title='bbox 1630 5332 1832 5386; x_wconf 71' lang='lat' dir='ltr'>ivrdivr&#39;rlualr&#39;rr&#39;rt.</span> 
     </span>
     <span class='ocr_line' id='line_1_59' title="bbox 158 5397 1629 5469; baseline 0.005 -23"><span class='ocrx_word' id='word_1_641' title='bbox 158 5397 325 5447; x_wconf 78' lang='lat' dir='ltr'>Abzvcr&#39;clunde</span> <span class='ocrx_word' id='word_1_642' title='bbox 342 5397 418 5448; x_wconf 71' lang='lat' dir='ltr'>Dina</span> <span class='ocrx_word' id='word_1_643' title='bbox 434 5400 491 5448; x_wconf 84' lang='lat' dir='ltr'>und</span> <span class='ocrx_word' id='word_1_644' title='bbox 505 5400 572 5449; x_wconf 79' lang='lat' dir='ltr'>wohl</span> <span class='ocrx_word' id='word_1_645' title='bbox 585 5401 649 5449; x_wconf 74' lang='lat' dir='ltr'>arech</span> <span class='ocrx_word' id='word_1_646' title='bbox 665 5400 746 5450; x_wconf 76' lang='lat' dir='ltr'>Hand</span> <span class='ocrx_word' id='word_1_647' title='bbox 752 5401 807 5465; x_wconf 70' lang='lat' dir='ltr'>fiir</span> <span class='ocrx_word' id='word_1_648' title='bbox 822 5399 871 5450; x_wconf 77' lang='lat' dir='ltr'>sich</span> <span class='ocrx_word' id='word_1_649' title='bbox 889 5402 954 5451; x_wconf 81' lang='lat' dir='ltr'>weist</span> <span class='ocrx_word' id='word_1_650' title='bbox 971 5401 1014 5450; x_wconf 83' lang='lat' dir='ltr'>der</span> <span class='ocrx_word' id='word_1_651' title='bbox 1031 5399 1130 5450; x_wconf 76' lang='lat' dir='ltr'>Dialeon</span> <span class='ocrx_word' id='word_1_652' title='bbox 1151 5398 1255 5463; x_wconf 83' lang='lat' dir='ltr'>Jolrann</span> <span class='ocrx_word' id='word_1_653' title='bbox 1271 5415 1318 5448; x_wconf 85' lang='lat' dir='ltr'>von</span> <span class='ocrx_word' id='word_1_654' title='bbox 1337 5400 1362 5449; x_wconf 89' lang='lat' dir='ltr'>S.</span> <span class='ocrx_word' id='word_1_655' title='bbox 1382 5400 1467 5450; x_wconf 79' lang='lat' dir='ltr'>Maria</span> <span class='ocrx_word' id='word_1_656' title='bbox 1485 5402 1557 5453; x_wconf 84' lang='lat' dir='ltr'>Nova</span> <span class='ocrx_word' id='word_1_657' title='bbox 1575 5404 1629 5469; x_wconf 82' lang='lat' dir='ltr'>aus.</span> 
     </span>
    </p>
   </div>
   <div class='ocr_carea' id='block_1_4' title="bbox 318 5539 1833 5611">
    <p class='ocr_par' dir='ltr' id='par_1_25' title="bbox 318 5539 1833 5611">
     <span class='ocr_line' id='line_1_60' title="bbox 318 5539 1833 5611; baseline 0.005 -21"><span class='ocrx_word' id='word_1_658' title='bbox 318 5539 343 5608; x_wconf 83' lang='lat' dir='ltr'>a)</span> <span class='ocrx_word' id='word_1_659' title='bbox 362 5540 369 5589; x_wconf 96' lang='lat' dir='ltr'>i</span> <span class='ocrx_word' id='word_1_660' title='bbox 387 5557 433 5591; x_wconf 82' lang='lat' dir='ltr'>aus</span> <span class='ocrx_word' id='word_1_661' title='bbox 451 5558 466 5591; x_wconf 90' lang='lat'><em>0</em></span> <span class='ocrx_word' id='word_1_662' title='bbox 484 5541 605 5609; x_wconf 69' lang='lat' dir='ltr'>kerrigr&#39;rt.</span> <span class='ocrx_word' id='word_1_663' title='bbox 678 5545 714 5610; x_wconf 88' lang='lat'>.1)</span> <span class='ocrx_word' id='word_1_664' title='bbox 740 5543 817 5609; x_wconf 84' lang='lat' dir='ltr'>Vergl.</span> <span class='ocrx_word' id='word_1_665' title='bbox 836 5543 873 5594; x_wconf 80' lang='lat' dir='ltr'>die</span> <span class='ocrx_word' id='word_1_666' title='bbox 888 5544 949 5595; x_wconf 80' lang='lat' dir='ltr'>Urk.</span> <span class='ocrx_word' id='word_1_667' title='bbox 968 5558 1022 5592; x_wconf 81' lang='lat' dir='ltr'>vom</span> <span class='ocrx_word' id='word_1_668' title='bbox 1036 5543 1052 5591; x_wconf 90' lang='lat'><em>5</em></span> <span class='ocrx_word' id='word_1_669' title='bbox 1067 5541 1123 5591; x_wconf 83' lang='lat' dir='ltr'>Mai</span> <span class='ocrx_word' id='word_1_670' title='bbox 1141 5544 1218 5592; x_wconf 71' lang='lat'>1146.</span> <span class='ocrx_word' id='word_1_671' title='bbox 1293 5545 1319 5611; x_wconf 84' lang='lat'>2)</span> <span class='ocrx_word' id='word_1_672' title='bbox 1345 5543 1421 5610; x_wconf 83' lang='lat' dir='ltr'>Vergl.</span> <span class='ocrx_word' id='word_1_673' title='bbox 1441 5544 1479 5595; x_wconf 85' lang='lat' dir='ltr'>die</span> <span class='ocrx_word' id='word_1_674' title='bbox 1500 5545 1560 5597; x_wconf 84' lang='lat' dir='ltr'>Urk.</span> <span class='ocrx_word' id='word_1_675' title='bbox 1579 5563 1633 5596; x_wconf 79' lang='lat' dir='ltr'>tvm</span> <span class='ocrx_word' id='word_1_676' title='bbox 1651 5547 1668 5596; x_wconf 76' lang='lat'>2</span> <span class='ocrx_word' id='word_1_677' title='bbox 1686 5547 1745 5599; x_wconf 72' lang='lat' dir='ltr'>Mai</span> <span class='ocrx_word' id='word_1_678' title='bbox 1760 5551 1833 5598; x_wconf 83' lang='lat'>1151.</span> 
     </span>
    </p>
   </div>
   <div class='ocr_carea' id='block_1_5' title="bbox 0 0 1994 6180">
    <p class='ocr_par' dir='ltr' id='par_1_26' title="bbox 0 0 1994 6180">
     <span class='ocr_line' id='line_1_61' title="bbox 0 0 1994 6180; baseline 0 0"><span class='ocrx_word' id='word_1_679' title='bbox 0 0 1994 6180; x_wconf 95' lang='lat' dir='ltr'> </span> 
     </span>
    </p>
   </div>
  </div>
 </body>
</html>
