3982 6194
913 432 980 509 Nr.
1012 437 1072 510 75.

153 582 271 669 Eugen
288 584 356 651 III
365 583 451 669 firllt
471 605 511 651 zu
531 583 673 650 Gunsten
695 583 757 648 der
772 582 961 649 Kanontlcer
981 606 1041 650 von
1065 584 1170 649 santa
1185 583 1303 650 Maria
1318 586 1489 670 Maggiore
1510 586 1550 652 di
1573 587 1710 651 Vercelli
1724 608 1831 671 gegen

597 673 653 738 die
674 673 939 738 Donrkanoniker
958 672 1027 738 eine
1053 674 1393 758 Gaterentsclzeidung.

818 793 903 854 1146
918 792 994 855 Mai
1007 793 1037 855 5.
1070 789 1170 855 Satri.

316 907 487 990 Eugenius
514 907 699 990 episcopus,
730 928 840 971 servus
863 929 1029 972 servorum
1054 909 1115 983 dei,
1150 908 1276 972 dilectis
1299 908 1381 983 filiis,
1414 909 1579 972 canonicis
1607 910 1704 997 beate
1728 911 1832 997 Marie

152 996 375 1061 vercellensis
397 997 542 1084 ecclesie,
572 997 710 1060 salutem
743 1007 777 1061 et
802 998 807 1082 Ι
835 999 1053 1079 apostolicam
1084 998 1359 1060 benedictionem.
1409 1000 1472 1062 Pro
1506 1001 1735 1075 controversia,
1768 1020 1831 1085 que

154 1089 239 1151 inter
268 1108 331 1150 vos
363 1097 396 1151 et
426 1087 605 1150 canonicos
636 1088 741 1149 sancti
768 1088 902 1151 Eusebii
933 1109 1032 1170 super
1064 1098 1179 1169 quarta
1207 1098 1301 1168 parte
1333 1088 1468 1150 districti
1489 1084 1494 1172 Ι
1515 1088 1680 1175 Carisiane
1712 1090 1831 1152 diutius

155 1179 280 1258 agitata
305 1187 364 1252 est,
395 1197 457 1240 vos
480 1186 514 1240 et
536 1177 590 1252 illi,
620 1176 748 1258 prefixo
772 1172 890 1263 [vlobis
913 1179 1062 1254 termino,
1093 1178 1125 1239 in
1150 1188 1262 1240 nostra
1285 1178 1449 1259 presentia
1480 1179 1677 1241 convenistis
1701 1189 1830 1241 etcum

154 1266 341 1349 patrocinio
367 1267 602 1329 advocatorum
627 1267 792 1347 utriusque
815 1268 917 1348 partis
940 1268 973 1330 in
989 1276 1100 1329 nostra
1115 1276 1149 1328 et
1165 1267 1298 1329 fratrum
1315 1276 1501 1330 nostrorum
1517 1268 1684 1330 audientia
1699 1288 1831 1330 causam

154 1357 261 1439 ipsam
278 1357 487 1437 exposuistis.
525 1357 714 1437 Prepositus
728 1376 806 1418 vero
821 1358 924 1419 sancti
941 1357 1073 1420 Eusebii
1091 1364 1123 1418 et
1140 1357 1275 1438 quidam
1292 1357 1405 1419 fratres
1421 1358 1479 1432 sui,
1503 1357 1663 1439 prefatam
1682 1368 1831 1439 quartam

154 1453 283 1527 partem
309 1446 353 1509 ad
376 1447 425 1510 ius
448 1446 654 1529 prepositure
676 1465 732 1531 sue
756 1447 918 1528 pertinere
941 1456 1129 1521 asserentes,
1155 1447 1367 1528 allegationes
1383 1468 1457 1509 suas
1474 1448 1680 1528 quorundam
1700 1449 1832 1510 testium

155 1536 337 1599 assertione
367 1535 563 1618 probabant
618 1535 689 1597 Vos
717 1547 827 1598 autem
851 1547 1000 1611 econtra,
1032 1536 1066 1598 id
1090 1537 1220 1617 penitus
1251 1536 1460 1617 denegantes,
1494 1537 1656 1617 quosdam
1686 1537 1833 1599 similiter

155 1634 264 1699 testes,
301 1626 356 1707 qui
380 1625 552 1710 ecclesiam
574 1636 716 1688 vestram
748 1625 930 1688 districtum
961 1624 1108 1710 predicte
1138 1637 1251 1710 quarte
1282 1627 1384 1707 partis
1407 1646 1466 1707 per
1488 1639 1562 1688 xxx
1585 1645 1690 1688 annos
1723 1628 1831 1708 quiete

154 1712 312 1777 habuisse
335 1715 533 1796 probabant,
558 1715 591 1776 in
615 1715 759 1778 medium
782 1709 996 1799 protulistlisl
1043 1712 1099 1777 Ad
1124 1715 1268 1777 dandam
1292 1735 1425 1796 quoque
1445 1716 1678 1778 assertionibus
1692 1711 1832 1801 v[estri]s

154 1805 377 1866 constantiam
392 1804 660 1885 predecessorem
676 1813 832 1879 nostrum,
849 1804 951 1866 felicis
967 1805 1124 1889 memorie
1139 1824 1227 1886 pape
1241 1805 1423 1867 lnnocentii
1443 1803 1480 1880 a),
1498 1801 1664 1888 ea(n)dem
1681 1815 1830 1886 quartam

155 1903 286 1976 partem
318 1914 379 1975 per
409 1892 625 1957 deffinitivam
655 1895 852 1956 sententiam
882 1894 979 1956 vobis
1010 1894 1229 1956 adiudicatam
1267 1914 1338 1956 esse
1369 1894 1506 1970 dixistis
1538 1906 1571 1958 et
1601 1895 1644 1956 ad
1675 1895 1833 1957 maiorem

155 1983 385 2046 auctoritatem
402 1983 608 2065 privilegium
625 1982 770 2046 eiusdem
787 1984 1026 2065 predecessoris
1042 1984 1142 2046 nostri
1162 1981 1195 2064 ¹),
1221 2003 1286 2064 quo
1302 1983 1398 2045 vobis
1414 1979 1666 2069 confirmaltum]
1682 1984 1777 2047 fuerit
1795 1983 1831 2065 b),

156 2073 252 2136 nobis
276 2073 476 2136 ostendistis.
523 2073 594 2136 Nos
618 2074 730 2154 itaque
760 2093 819 2154 per
851 2073 1013 2154 quosdam
1037 2073 1151 2136 fratres
1174 2082 1313 2148 nostroe,
1345 2073 1400 2153 qui
1431 2073 1539 2135 eidem
1569 2075 1703 2155 negotio
1737 2075 1832 2136 inter·

156 2162 293 2237 fuerant,
326 2172 360 2225 et
382 2183 425 2225 ex
455 2162 583 2244 prefato
613 2163 784 2245 privilegio
814 2163 860 2225 rei
883 2163 1053 2225 veritatem
1085 2163 1212 2244 plenius
1244 2173 1489 2243 cognoscentes,
1524 2174 1674 2244 quartam
1704 2173 1832 2243 partem

156 2252 295 2315 districti
311 2251 439 2337 prefate
455 2253 554 2314 curtis
569 2272 629 2333 per
650 2252 857 2316 diffinitivam
873 2253 1069 2314 sententiam
1085 2252 1181 2315 vobis
1198 2261 1231 2314 et
1246 2252 1382 2338 ecclesie
1395 2260 1501 2337 vestre
1518 2253 1775 2315 adiudicavimus
1795 2255 1831 2332 ⁰),

156 2353 187 2404 et
210 2342 381 2404 canonicis
404 2340 492 2404 beati
517 2341 650 2405 Eusebii
674 2352 870 2424 perpetuum
893 2362 991 2423 super
1013 2340 1077 2404 hoc
1101 2341 1265 2404 silentium
1296 2342 1519 2422 imposuimus.
1566 2341 1602 2404 Si
1631 2343 1703 2423 quis
1727 2343 1832 2423 igitur,

156 2431 250 2495 huius
275 2426 414 2517 [nost]re
438 2431 643 2494 diffinitionis
666 2441 699 2493 et
722 2426 1004 2515 confirmlati]onis
1027 2432 1184 2512 paginam
1206 2432 1320 2505 sciens,
1346 2440 1459 2493 contra
1482 2451 1556 2493 eam
1579 2441 1701 2495 temere
1722 2433 1833 2495 venire

157 2522 401 2602 presumpserit,
431 2521 578 2583 secundo
601 2521 740 2584 tertiove
763 2521 991 2596 commonitus,
1023 2522 1049 2583 si
1074 2541 1141 2583 non
1165 2531 1290 2582 reatum
1319 2540 1413 2584 suum
1444 2540 1588 2601 congrua
1611 2522 1833 2584 satisfactione

158 2611 345 2687 correxerit,
371 2610 631 2691 indignationem
646 2611 884 2692 omnipotentis
909 2609 961 2673 dei
985 2620 1019 2673 et
1041 2610 1214 2673 beatorum
1230 2610 1315 2673 Petri
1332 2620 1365 2672 et
1380 2611 1447 2672 Pau
1463 2610 1493 2685 li,
1511 2611 1737 2691 apostolorum
1757 2613 1834 2688 eius,

158 2701 300 2762 incurrat
316 2710 416 2780 atque
432 2700 464 2761 in
481 2710 629 2763 extremo
646 2701 797 2763 examine
814 2701 959 2787 districte
975 2700 1090 2762 ultioni
1111 2700 1288 2763 subiaceat.
1304 2734 1348 2745 -
1364 2700 1441 2762 Dat.
1457 2698 1565 2774 Sutrii,
1588 2714 1627 2762 111
1644 2701 1730 2762 Non.
1746 2702 1835 2764 Maii.

322 2813 366 2862 Or.
385 2813 418 2862 im
435 2813 550 2863 Archivio
572 2814 704 2879 Capitolare
721 2831 751 2863 zu
774 2813 879 2864 Vercelli.

321 2886 391 2953 Perg.
410 2887 471 2946 ital,
495 2887 531 2936 br.
551 2888 603 2946 0,2,
627 2889 688 2953 lang
705 2889 790 2948 0,256,
815 2894 890 2935 untm
907 2887 989 2945 0,028
1014 2885 1207 2951 urngeschlagen,
1233 2884 1311 2933 durch
1333 2884 1391 2934 rwei
1406 2885 1499 2934 Licher
1518 2885 1576 2950 geht
1599 2885 1637 2935 die
1657 2887 1723 2951 gelbe
1742 2886 1837 2936 Seiden·

158 2959 254 3019 πάντων,
273 2975 361 3008 woran
379 2959 424 3007 dar
441 2957 566 3024 Bleisr'egel
580 2957 659 3008 Nm
676 2958 760 3025 heingi.
796 2958 905 3023 Faltuug
920 2959 964 3006 der
980 2959 1082 3007 Breuen.
1125 2958 1272 3024 Weitldufige
1290 2956 1479 3022 Brevemcln'st,
1498 2975 1549 3007 nur
1564 2958 1590 3007 in
1608 2959 1758 3008 eminulten
1781 2959 1837 3009 Ver·

157 3031 295 3097 lindwrgm
312 3046 362 3079 von
381 3037 404 3080 ct
423 3032 478 3079 und
493 3037 515 3079 st
533 3030 716 3094 Bulleurchn'si.
753 3030 808 3079 Dar
825 3030 843 3079 S
861 3046 909 3078 von
926 3029 952 3079 Si
971 3031 1025 3094 quis
1043 3030 1194 3094 doppellr'mg,
1233 3028 1280 3078 Dic
1302 3029 1361 3078 Ura.
1381 3029 1413 3078 ist
1427 3045 1476 3078 von
1494 3030 1622 3079 dcmselbm
1640 3030 1763 3080 Schreiber
1779 3047 1836 3080 aur·

155 3103 254 3170 gestiit!
271 3103 317 3153 wie
334 3103 372 3153 die
388 3119 444 3152 vom
463 3104 493 3152 17
511 3102 586 3167 April
602 3104 670 3151 1146
680 3103 734 3167 fiir
750 3101 787 3152 die
804 3101 1001 3152 Domkanoniker
1017 3116 1066 3151 vora
1089 3101 1193 3152 Venelli.
1224 3101 1272 3151 Die
1290 3099 1418 3167 Datimng
1434 3101 1465 3150 ist
1478 3100 1556 3168 glefclt
1574 3102 1731 3168 nrrlgemaclrl.

916 3411 984 3488 Nr.
1016 3417 1077 3488 76.

159 3548 277 3636 Eugen
292 3550 362 3616 III
377 3545 529 3634 bestc'itigt
548 3548 623 3614 dem
646 3547 859 3629 Erebiscltose
884 3545 1105 3721 wlfaldi)
1114 3546 1195 3611 Pisa
1217 3544 1304 3612 seim
1320 3547 1563 3631 Metropolitan-
1586 3547 1659 3613 und
1677 3545 1838 3633 sonstzgen

788 3774 872 3835 1146
888 3771 964 3834 Mai
976 3773 1030 3834 29.
1087 3769 1221 3835 Viterbo.

321 3909 490 3992 Eugenius
513 3909 697 3991 episcopus,
721 3929 832 3971 servus
855 3926 1022 3970 servorum
1046 3906 1108 3982 dei,
1132 3905 1310 3969 venerabili
1327 3906 1416 3970 fratri
1432 3906 1573 3981 Villan0,
1598 3905 1716 3969 Pisano
1737 3904 1837 3969 archi·

160 3998 338 4080 episcop0,
380 4000 514 4080 eiusque
544 3996 787 4061 successoribus
817 3997 975 4059 canonice
1006 3996 1242 4078 promovendis
1272 4010 1310 4058 ΙΝ
1340 4009 1418 4060 ΡΡΜ.
1440 4031 1485 4044 -
1505 3992 1510 4081 Ι
1529 3997 1624 4059 Tunc
1656 3995 1839 4078 apostolice

160 4088 229 4151 sedi
254 4099 289 4151 et
305 4089 465 4151 Romanis
488 4087 700 4170 pontificibus
723 4087 831 4150 honor
853 4087 978 4168 integre
994 4096 1210 4162 conservatur,
1234 4085 1260 4147 si
1282 4087 1455 4167 unicuique
1471 4085 1606 4172 ecclesie
1622 4106 1681 4148 sua
1697 4085 1839 4167 dignitas

160 4178 353 4240 custoditur.
400 4178 551 4264 Romane
574 4177 736 4258 siquidem
760 4176 895 4263 ecclesie
920 4185 1075 4238 consueta
1098 4175 1284 4256 benignitas
1308 4186 1340 4238 et
1364 4176 1504 4239 discreta
1534 4176 1708 4250 humilitas,
1729 4173 1734 4257 Ι
1756 4194 1839 4255 quos

161 4268 303 4330 devotos
335 4276 369 4330 et
401 4277 589 4330 mansuetos
620 4266 704 4328 filios
735 4265 863 4348 reperit,
897 4265 978 4327 alios
1003 4263 1217 4345 dignitatibus
1240 4274 1273 4326 et
1296 4265 1477 4328 honoribus
1506 4265 1569 4329 sibi
1598 4265 1737 4346 amplius
1762 4263 1839 4326 facit

160 4356 339 4432 obnoxios
364 4356 445 4421 alios
469 4354 696 4418 familiaritatis
718 4365 752 4417 et
776 4354 959 4417 dilectionis
983 4353 1191 4435 prerogativa
1214 4351 1377 4417 sublimat.
1422 4353 1553 4436 Equum
1576 4355 1663 4417 enim
1688 4364 1721 4416 et
1743 4353 1838 4415 ratio·

160 4445 272 4509 nabiie
297 4456 356 4522 est,
380 4456 423 4522 ut,
448 4465 588 4528 quorum
611 4443 772 4507 beneficia
795 4454 828 4506 et
851 4441 1011 4524 obsequia
1034 4464 1069 4506 se
1092 4444 1208 4506 recolit
1230 4445 1419 4525 suscepisse,
1444 4464 1555 4507 eorum
1578 4443 1748 4506 devotioni
1772 4462 1839 4504 non

164 4556 320 4598 mensura
342 4537 411 4618 pari
436 4556 497 4598 nec
521 4534 703 4616 quantitate
727 4533 843 4614 equali,
867 4542 917 4595 set
940 4553 982 4595 ex
1005 4531 1226 4595 habundantis
1242 4535 1344 4619 gratie
1360 4533 1583 4597 benivolentia
1598 4533 1712 4596 libenti
1729 4532 1839 4594 animo

164 4625 298 4688 studeat
321 4624 528 4706 respondere.
573 4623 791 4686 Predecessor
811 4622 974 4702 siquidem
996 4630 1116 4698 noster,
1141 4622 1243 4684 felicis
1267 4624 1423 4686 memorie
1446 4643 1535 4705 papa
1551 4624 1793 4685 INNOOENTIUS
1807 4618 1839 4702 ³),

165 4717 208 4778 de
225 4714 392 4778 discordia
406 4724 440 4777 et
454 4733 578 4795 guerra,
603 4733 666 4794 que
682 4713 767 4775 inter
780 4711 933 4774 Pisanam
957 4721 989 4774 et
1004 4712 1198 4774 lanuensem
1222 4712 1369 4776 civitates
1393 4713 1510 4788 extitit,
1535 4713 1653 4775 multas
1668 4710 1840 4773 hominum

165 4805 278 4869 clades
301 4814 334 4867 et
357 4802 605 4866 christianorum
629 4802 834 4884 captivitates
858 4801 1042 4864 innumeras
1071 4801 1261 4882 provenisse
1291 4801 1510 4877 considerans,
1542 4803 1708 4882 utriusque
1738 4800 1840 4881 partis

164 4894 270 4969 saluti,
295 4904 364 4956 tam
387 4891 618 4975 temporaliter,
644 4912 742 4973 quam
765 4891 981 4972 spiritualiter,
1006 4901 1142 4972 patema
1165 4891 1384 4955 sollicitudine
1407 4892 1530 4954 studuit
1552 4891 1725 4973 providere
1741 4900 1840 4970 atque

165 5005 227 5066 pro
251 4984 344 5046 bono
368 4983 459 5063 pacis
482 4993 515 5046 et
538 4981 844 5062 recompensatione
860 4981 1119 5062 episcopatuum,
1145 5000 1227 5061 quos
1247 4982 1359 5062 utique
1375 5002 1394 5043 a
1410 4980 1695 5063 predecessoribus
1711 4979 1840 5054 nostris,

164 5074 327 5137 Romanis
350 5071 571 5154 pontificibus
602 5070 738 5158 ecclesie
761 5071 877 5156 Pisane
901 5089 1085 5144 concessos,
1116 5071 1148 5132 in
1172 5070 1276 5133 insula
1299 5070 1432 5156 Corsice
1465 5070 1741 5152 apredecessore
1773 5079 1839 5143 tuo,

165 5164 256 5250 bone
287 5161 446 5248 memorie
476 5160 571 5247 fratre
603 5169 725 5236 nostro,
757 5159 1006 5241 archiepiscopo
1034 5160 1162 5224 Uberto
1178 5159 1217 5234 ⁴),
1249 5161 1377 5242 accepit
1407 5161 1440 5222 in
1464 5160 1656 5224 Galluriensi
1690 5159 1840 5233 iudicatu,

166 5254 251 5317 duos
266 5254 488 5335 episcopatus,
505 5250 773 5315 Galtellinensem
788 5249 941 5312 videlicet
957 5259 990 5311 et
1005 5248 1246 5326 civitatensem,
1264 5259 1296 5312 et
1310 5249 1587 5331 Populoniensem
1603 5249 1840 5331 episcopatum,

328 5451 354 5512 a)
375 5462 468 5514 papam
485 5444 658 5497 Innocentium
681 5443 749 5493 wird
762 5459 792 5491 m
808 5444 871 5492 lesen
888 5442 938 5493 sein
1015 5442 1042 5507 b)
1062 5442 1095 5491 im
1117 5443 1125 5491 i
1142 5442 1256 5510 kemgirt
1333 5446 1357 5510 c)
1376 5461 1402 5494 m
1427 5445 1479 5509 aras
1495 5445 1586 5494 Ram.
1606 5482 1658 5488 ---
1678 5444 1713 5509 .1)
1736 5440 1843 5492 Gemeint

165 5519 197 5568 ist
212 5518 250 5568 die
271 5518 332 5569 Urk.
360 5519 476 5570 Innocens
501 5516 687 5576 1135-1143,
712 5514 785 5564 darm
807 5514 922 5580 Orr'gr'nal
935 5514 1053 5564 vielleicht
1069 5514 1106 5564 bei
1121 5515 1198 5564 dieser
1218 5515 1364 5582 Gelcgenheit
1379 5519 1488 5567 verlorm
1501 5531 1634 5583 gegangm.
1713 5516 1740 5579 2)
1764 5514 1841 5578 Vergl.

165 5591 203 5640 die
225 5589 576 5641 Urk.uom31Mai1157
594 5588 650 5638 mid
668 5587 696 5639 0.
715 5587 820 5653 longer,
841 5586 964 5636 Potaissa
985 5586 1119 5637 Gcschichte
1138 5587 1208 5638 Hsas
1224 5588 1280 5638 arrad
1299 5588 1396 5639 Genuas
1414 5589 1441 5639 S.
1461 5589 1503 5650 36,
1524 5590 1567 5641 37.
1657 5588 1684 5654 3)
1708 5586 1768 5637 Ura
1786 5599 1841 5638 vom

166 5664 200 5713 22
218 5664 295 5728 April
308 5664 388 5715 11³8.
458 5666 487 5731 4)
505 5661 609 5722 Hubert,
628 5659 774 5725 Erebisclros
787 5674 834 5708 von
855 5659 920 5720 Pisa,
942 5659 1122 5710 1132-1137.
