3974 6188
1718 292 1759 358 73

296 461 319 546 †
340 462 414 549 Ego
438 461 589 532 Ubaldus
611 464 775 550 presbiter
797 463 970 531 cardinalis
991 464 1041 530 tit.
1064 477 1178 531 sancte
1202 464 1313 530 Crucis
1336 465 1369 528 in
1392 465 1567 528 Ierusalem
1589 486 1631 528 ss.

298 552 319 639 †
342 556 415 638 Ego
439 558 588 621 Villanus
610 557 773 640 presbiter
795 558 967 621 cardinalis
989 559 1038 619 tit.
1063 559 1167 620 sancti
1183 556 1342 638 Stephani
1367 556 1399 618 in
1416 554 1508 642 Celio
1524 566 1638 618 monte
1653 575 1694 617 ss
1711 549 1760 639 (2)

300 679 340 690 -
357 643 378 729 †
394 646 467 728 Ego
484 648 586 713 Oddo
603 649 760 711 diaconus
776 648 948 710 cardinalis
963 649 1012 710 tit.
1027 648 1131 711 sancti
1148 646 1281 726 Georgii
1297 646 1340 707 ad
1356 645 1476 709 Velum
1488 641 1496 730 ll
1509 665 1642 708 aureum
1658 665 1699 708 ss.
1713 645 1760 723 (4)

298 732 319 818 †
342 735 416 816 Ego
440 736 549 801 Guido
573 749 686 824 sancte
710 738 814 800 Marie
837 738 870 800 in
893 738 1023 800 Porticu
1048 737 1207 799 diaconus
1230 735 1403 798 cardinalis
1425 757 1466 798 ss.

297 824 319 903 †
342 825 415 906 Ego
439 826 581 890 lacintus
607 829 764 892 diaconus
788 826 961 890 cardinalis
984 836 1097 889 sancte
1121 827 1224 889 Marie
1247 826 1280 887 in
1305 823 1499 907 Cosmydyn
1524 845 1566 887 ss.

299 909 320 996 †
342 915 416 996 Ego
440 917 552 980 Petrus
576 918 733 981 diaconus
757 916 930 979 cardinalis
953 927 1067 979 sancte
1091 916 1193 978 Marie
1217 916 1250 977 in
1273 915 1337 977 Via
1361 915 1428 977 lata
1449 935 1490 976 ss.
1515 912 1563 997 (2)

243 1001 322 1066 Dat.
338 1004 476 1083 Viterbi‚
500 1027 561 1088 per
582 1027 716 1070 manum
731 1007 901 1083 ROBERTI,
925 1015 1038 1069 sancte
1057 1006 1210 1068 Romane
1233 1004 1370 1092 ecclesie
1393 1004 1566 1085 presbiteri
1591 1002 1763 1065 cardinalis

78 1098 113 1152 et
137 1090 335 1155 cancellarii.
380 1107 430 1157 xv
452 1094 506 1159 Kl.
530 1097 689 1159 Decemb.
736 1095 919 1159 Indictione
939 1111 1024 1159 vnn.
1070 1095 1306 1159 lncarnationis
1331 1095 1495 1182 dominice
1519 1113 1607 1156 anno
1631 1104 1762 1157 Mchv.

78 1179 299 1245 Pontificatus
322 1203 400 1246 vero
425 1185 539 1248 domni
562 1187 717 1249 EUGENH
739 1199 778 1248 111
801 1187 860 1249 ΡΡ.
883 1206 970 1248 anno
995 1186 1110 1269 primo.

248 1296 292 1346 Or.
312 1295 421 1363 (Angr'oli
437 1299 465 1347 di
481 1300 554 1350 Simo
573 1305 606 1350 17
625 1302 688 1351 Nov.
708 1303 786 1365 11⁴5)
804 1301 860 1348 und
875 1300 1000 1364 Absclrrifl
1022 1300 1066 1349 der
1086 1300 1165 1363 Comp.
1185 1299 1212 1348 di
1228 1305 1371 1362 carteprcore
1388 1297 1424 1367 ‚dt
1441 1296 1491 1348 div.
1509 1296 1612 1346 Arctoi
1628 1298 1648 1346 I
1657 1305 1682 1362 p.
1702 1300 1762 1362 349,

80 1365 114 1414 im
133 1366 252 1417 Arthr’vio
269 1368 296 1417 di
311 1369 392 1429 ΕΜ·
409 1371 535 1438 Abschrrfl
551 1373 582 1423 B.
607 1374 648 1423 VI.
669 1373 700 1422 13
712 1380 741 1437 p.
759 1374 819 1432 437,
838 1372 863 1421 in
882 1373 926 1422 der
942 1372 1004 1421 Bibl.
1025 1371 1137 1420 Rcbblica
1154 1387 1184 1418 ru
1203 1372 1283 1421 Sr'ena.

246 1441 315 1507 Perg.
334 1441 394 1503 irat,
412 1443 448 1493 br.
467 1445 551 1505 O,612,
570 1446 631 1511 lang
648 1446 735 1505 0,735,
757 1450 831 1493 untcn
849 1446 929 1503 0,0⁷l3
946 1442 1134 1510 umgescltlagen,
1163 1443 1240 1492 durch
1267 1441 1326 1491 eruci
1343 1440 1434 1490 Lirher
1452 1441 1510 1507 geht
1535 1442 1572 1491 die
1589 1440 1763 1508 urspriinglicli

80 1527 137 1560 rosa
149 1511 336 1574 Seideorschnun
354 1514 426 1563 derm
437 1516 563 1583 Bleisiegel
576 1517 716 1582 abgcsallm,
735 1517 792 1564 aber
802 1515 908 1565 erhalten
925 1515 962 1576 ist,
981 1516 1028 1565 Nr.
1040 1518 1065 1565 2.
1092 1515 1200 1581 Faltung
1216 1515 1259 1563 der
1270 1515 1368 1564 Bullen.
1405 1513 1515 1563 Initiale:
1531 1515 1585 1579 tiesc
1601 1514 1762 1579 Uncrblsorm.

87 1583 249 1650 Verewigrmg
265 1584 312 1634 Nr.
325 1586 429 1650 aJu’r.
467 1587 506 1637 Im
524 1589 666 1653 Konscriprc
683 1589 742 1637 sind
757 1588 794 1636 die
812 1587 953 1653 Masicskeln
972 1587 1094 1637 theilwerie
1111 1588 1188 1636 beton!
1203 1588 1259 1636 und
1274 1586 1383 1646 veraiert,
1410 1602 1451 1634 um
1476 1587 1572 1636 meisten
1590 1586 1763 1648 Sitatuentes),

81 1655 288 1721 D(eeemimus),
309 1654 346 1721 S(i
364 1660 433 1723 qua).
470 1661 526 1709 Das
549 1663 613 1710 letare
636 1661 827 1724 Komm'ptwm
850 1660 978 1708 inveniant
1004 1660 1049 1708 mir
1071 1659 1128 1707 nuci
1144 1657 1438 1723 Doppel-Ueberpunkten,
1466 1658 1578 1707 dalinler
1600 1658 1706 1707 srhliesst
1728 1658 1765 1706 die

82 1726 145 1776 Zeile
161 1728 201 1776 ab.
237 1727 295 1778 liic'r
311 1728 348 1777 die
365 1730 418 1779 drei
434 1732 511 1781 Arnen
529 1733 576 1782 Nr.
591 1735 606 1781 9
624 1733 656 1781 ist
672 1733 722 1782 eine
739 1746 798 1780 neue
817 1731 879 1781 Zeilc
892 1747 1041 1797 gmommen,
1061 1731 1141 1779 himer
1159 1732 1211 1780 dem
1230 1733 1313 1780 letzem
1329 1733 1407 1779 Amen
1424 1729 1477 1778 drei
1486 1730 1764 1796 Happel-Urberpunkte.

81 1801 146 1848 Rota
164 1798 213 1848 Nr.
234 1803 258 1848 1.
295 1800 443 1852 lnnenkmu
470 1804 507 1853 ein
530 1804 610 1870 wmr'g
630 1803 787 1869 srdrkerlinig
809 1805 847 1852 als
870 1804 907 1852 die
924 1804 1014 1865 Krerie,
1044 1803 1219 1852 Durclmrsser
1237 1805 1323 1862 0,064,
1350 1817 1398 1851 verr
1422 1802 1465 1850 der
1486 1804 1568 1851 lerum
1587 1801 1650 1851 Zeile
1668 1804 1765 1864 0,006,·

82 1869 256 1936 Monogramm
275 1872 321 1921 Nr.
335 1873 374 1936 2¹),
398 1875 458 1923 hoclr
476 1878 564 1938 0,067,
592 1876 652 1926 dreit
670 1877 755 1936 0,039,
788 1875 963 1924 Gmndstricle
986 1875 1091 1924 ziemlr'ch
1110 1875 1239 1939 dicklinig,
1265 1874 1325 1922 steht
1347 1872 1413 1923 dicte
1438 1880 1511 1923 anter
1534 1875 1578 1923 dtr
1598 1875 1679 1923 lemen
1695 1873 1765 1922 Zrile.

81 1942 222 2008 Rr'ngkrms
238 1943 295 1992 und
313 1944 478 2012 Unterschrrfl
493 1947 608 1997 dunklere
626 1948 701 1997 Dinte
717 1947 774 1995 und
787 1947 868 1995 Hand
873 1949 928 2012 fiir
943 1947 1001 1996 sicli.
1038 1948 1086 1996 Die
1104 1947 1180 1995 Dinre
1197 1947 1241 1995 der
1261 1945 1398 2010 Umschrift
1414 1946 1470 1994 und
1485 1946 1590 1995 aicmliclr
1608 1946 1686 1994 sicher
1701 1944 1765 1993 auch

82 2013 119 2063 dic
137 2013 220 2063 Hand
240 2015 272 2063 ist
284 2016 344 2079 jere
361 2017 402 2066 des
418 2018 607 2083 Hauprtvrpers,
631 2035 679 2068 von
696 2018 737 2068 ilrr
753 2018 816 2067 auch
835 2019 872 2067 die
889 2019 1024 2084 Datirung,
1049 2017 1133 2067 welche
1147 2018 1283 2082 pnrnkvoll
1293 2017 1404 2083 gehalten
1422 2018 1459 2077 ist,
1479 2018 1524 2066 mit
1540 2034 1560 2067 c.
1579 2018 1658 2078 0,033
1676 2019 1765 2082 langen

85 2085 244 2152 oberrangm,
262 2086 297 2134 im
316 2087 358 2138 Kl.
368 2090 442 2156 fiius
454 2092 712 2141 Abbreviatunciolcn.
748 2091 854 2139 Roberti
873 2091 899 2139 in
917 2091 954 2140 die
972 2090 1102 2156 Datimng
1122 2090 1168 2140 mir
1184 2089 1314 2139 dunklerer
1332 2090 1407 2138 Dinte
1431 2090 1590 2156 er'ngetragen.
1628 2089 1676 2138 Die
1696 2090 1766 2139 Pres-

81 2158 234 2224 bytrrfirmm
252 2159 320 2209 roob!
333 2163 382 2211 alle
398 2179 447 2212 von
460 2163 565 2230 gler'clrer
581 2164 662 2213 Hand
676 2163 732 2212 rand
746 2163 829 2224 Dinte,
848 2162 987 2228 rrnnr'oglick
1005 2162 1077 2223 nicht,
1097 2163 1153 2211 dass
1170 2162 1219 2212 dies
1237 2162 1299 2211 arach
1317 2162 1353 2212 bei
1369 2162 1414 2210 den
1432 2163 1532 2228 iibrigm
1550 2163 1594 2212 der
1611 2161 1675 2212 Fall.

844 2475 910 2549 Nr.
942 2478 1003 2549 70.

81 2601 198 2689 Eugtn
224 2602 291 2670 III
316 2603 457 2669 schreibt
484 2604 558 2669 dem
582 2604 736 2691 Bisclzofe
762 2604 927 2670 Girolamo
956 2627 1016 2670 von
1039 2606 1160 2671 Arezzo
1187 2606 1242 2669 die
1267 2606 1508 2689 gegenseitigen
1532 2607 1765 2691 Bedingungen

80 2718 144 2761 zur
173 2693 354 2780 Ber'legung
387 2693 444 2758 des
474 2693 608 2759 Strer'tcs
641 2695 802 2760 awisclzen
834 2696 904 2760 ilem
944 2697 1013 2760 und
1040 2696 1114 2760 dem
1148 2696 1258 2760 Edlen
1287 2694 1444 2760 Heinrich
1481 2717 1544 2760 von
1575 2694 1764 2781 Br'vzgnano

691 2806 802 2869 wegcn
824 2786 885 2850 der
906 2787 999 2869 Burg
1021 2785 1159 2850 Sasseto.

625 2921 838 2984 1145—1146
859 2921 992 2986 October
1005 2923 1056 2984 17.
1100 2919 1231 2984 Viterbo.

246 3053 416 3136 Eugenius
446 3053 631 3135 episcopus,
663 3076 774 3118 servus
806 3076 973 3118 servorum
1006 3055 1068 3132 dei,
1098 3054 1277 3118 venerabili
1308 3055 1396 3118 fratri
1421 3057 1592 3132 leronimo,
1623 3055 1764 3119 Aretino

83 3142 247 3224 episcopo
265 3141 301 3225 ¹),
334 3143 472 3206 salutem
502 3151 536 3205 et
565 3145 784 3226 apostolicam
816 3145 1091 3208 benedictionem.
1138 3145 1411 3221 Controversiam,
1434 3143 1438 3229 1
1460 3167 1523 3227 que
1556 3147 1638 3209 inter
1668 3156 1701 3208 te
1732 3156 1765 3208 et

83 3232 232 3295 nobilem
263 3233 368 3295 virum
400 3233 578 3296 Henricum
614 3234 656 3297 de
687 3233 871 3316 Bivignano
889 3235 917 3317 ²)
954 3255 1053 3316 super
1090 3243 1214 3310 castr0,
1261 3236 1350 3317 quod
1382 3235 1540 3299 Saxetum
1558 3233 1587 3315 ³)
1618 3245 1762 3311 vocatur,

83 3321 206 3384 diutius
238 3323 363 3404 agitata
395 3334 452 3399 est,
473 3319 478 3406 l
499 3333 568 3385 tam
598 3344 658 3405 per
689 3344 749 3386 nos
780 3344 879 3406 quam
911 3345 970 3406 per
1000 3325 1113 3388 fratres
1144 3336 1274 3388 nostros
1306 3326 1480 3407 diligenter
1511 3325 1694 3387 audivimus
1722 3333 1763 3400 et,

82 3412 328 3475 communicato
353 3432 426 3474 cum
451 3414 529 3494 ipsis
546 3414 691 3489 consili0‚
717 3414 795 3476 data
810 3415 938 3495 utrique
954 3416 1037 3496 parti
1054 3414 1232 3501 concordie
1249 3416 1394 3496 optione,
1420 3415 1631 3478 concordiam
1659 3415 1765 3496 ipsam

82 3501 148 3564 hoc
171 3501 288 3564 ordine
312 3503 564 3565 terminavimus.
611 3504 685 3585 Ipse
708 3502 861 3566 videlicet
883 3504 1074 3580 Hen(ricns)
1106 3511 1138 3567 et
1172 3503 1272 3566 irater
1304 3506 1372 3567 eius
1401 3515 1434 3567 et
1456 3506 1533 3586 Ugo
1557 3505 1599 3567 de
1623 3503 1715 3567 Colle
1732 3504 1766 3584 ⁴),

81 3610 178 3654 socer
207 3611 292 3667 suus,
324 3602 432 3654 totum
462 3592 624 3673 prefatum
656 3602 798 3655 castrum
830 3613 904 3656 cum
937 3604 1027 3656 curte
1057 3614 1116 3656 sua
1148 3603 1181 3655 et
1212 3595 1449 3675 querimoniam
1479 3606 1512 3658 et
1535 3595 1700 3657 actionem
1724 3593 1766 3655 de

83 3681 151 3743 iure
175 3681 287 3762 ipsius,
313 3700 376 3768 que
400 3681 557 3744 hactenus
581 3681 754 3745 adversum
777 3692 810 3746 te
835 3683 935 3763 ipsius
958 3683 1053 3745 castri
1078 3682 1253 3745 occasione
1274 3684 1465 3760 habuerant,
1490 3685 1522 3746 in
1539 3705 1638 3746 manu
1655 3693 1767 3745 nostra

82 3790 142 3851 per
165 3769 321 3833 baculum
343 3770 511 3833 voluntate
534 3782 718 3853 spontanea
748 3772 883 3834 omnino
916 3771 1138 3834 refutaverunt
1165 3783 1207 3849 et,
1238 3780 1273 3834 ut
1304 3783 1393 3835 tuam
1424 3774 1563 3854 gratiam
1595 3773 1693 3854 plene
1717 3793 1764 3835 re·

83 3869 288 3941 cuperarent,
320 3860 459 3936 iniurias,
493 3860 534 3923 ab
558 3861 747 3924 hominibus
771 3862 834 3924 tuis
857 3863 890 3923 in
913 3861 1059 3924 eiusdem
1084 3863 1179 3924 castri
1210 3863 1365 3943 captione
1394 3862 1456 3924 sibi
1488 3872 1521 3924 et
1553 3863 1619 3924 suis
1650 3861 1766 3938 illatas,

84 3949 357 4012 condonaverunt
372 3959 413 4024 et,
438 3950 528 4031 quod
552 3961 647 4032 pater
668 3961 702 4013 et
725 3971 843 4013 uxores
867 3971 980 4014 eorum
997 3951 1138 4031 idipsum
1156 3951 1216 4013 tibi
1232 3951 1284 4014 vel
1301 3962 1390 4014 certo
1407 3952 1522 4014 nuntio
1540 3961 1596 4014 tuo
1613 3950 1767 4029 facerent,

84 4038 223 4102 firmiter
253 4039 482 4120 promiserunt.
535 4041 586 4102 Tu
618 4060 697 4102 vero
735 4061 838 4121 usque
869 4041 912 4103 ad
942 4041 1111 4121 proximas
1144 4040 1233 4103 beati
1266 4041 1398 4104 Martini
1417 4038 1442 4125 5)
1481 4051 1613 4104 octavas
1646 4061 1766 4104 novem

84 4129 195 4203 libras,
219 4138 253 4191 et
268 4149 372 4210 usque
395 4129 438 4191 ad
461 4131 647 4210 proximam
674 4130 798 4192 domini
823 4130 1027 4193 nativitatem
1051 4128 1130 4192 alias
1153 4144 1230 4193 v1111
1255 4130 1460 4193 denariorum
1485 4130 1681 4193 Lucensium
1705 4131 1767 4194 sibi

85 4217 190 4282 debes
214 4218 409 4300 persolvere.
454 4219 521 4282 Res
543 4239 631 4295 vero,
657 4239 721 4300 que
745 4219 777 4281 in
802 4220 957 4301 captione
981 4220 1077 4283 castri
1102 4220 1262 4295 ammisit,
1286 4221 1313 4282 si
1337 4241 1529 4302 recuperare
1552 4221 1676 4302 poteris
1701 4240 1768 4282 non

84 4308 309 4383 deterioratas,
333 4308 395 4371 sibi
425 4309 575 4371 restitues
601 4315 665 4384 aut,
691 4319 849 4390 quantum
872 4319 951 4391 post
973 4310 1162 4391 captionem
1186 4309 1281 4372 castri
1307 4308 1504 4373 deteriorate
1528 4309 1654 4385 luerint,
1685 4311 1769 4373 sicut

85 4409 165 4462 tunc
190 4397 368 4472 valuerant,
398 4404 528 4461 tantum
558 4398 769 4480 superaddes.
815 4399 878 4461 Pro
909 4397 960 4461 his
982 4419 1069 4475 ver0,
1103 4419 1167 4485 que
1190 4419 1382 4481 recuperare
1415 4421 1482 4463 non
1513 4400 1646 4482 poteris,
1678 4400 1769 4462 iuxta

85 4488 322 4570 probationem
345 4487 517 4551 iuramenti
541 4489 643 4570 ipsius
666 4487 771 4550 simile
793 4488 846 4552 vel
874 4488 1069 4551 tantundem
1092 4489 1205 4551 valens
1236 4490 1299 4552 sibi
1322 4490 1498 4571 persolves.
1545 4491 1616 4552 Nos
1648 4490 1767 4570 itaque,

86 4594 229 4660 quorum
253 4577 387 4639 interest
408 4578 566 4659 precipue
594 4578 804 4666 ecclesiarum
836 4578 936 4659 quieti
960 4588 1099 4660 patema
1129 4578 1348 4642 sollicitudine
1371 4580 1553 4661 providere,
1584 4579 1670 4641 hanc
1693 4599 1769 4641 con·

86 4667 236 4731 cordiam
259 4667 420 4748 presentis
443 4668 556 4749 scripti
579 4668 701 4749 pagina
724 4667 955 4730 confirmamus
979 4678 1020 4744 et,
1046 4689 1087 4730 ne
1110 4667 1162 4730 isti
1186 4668 1237 4731 vel
1262 4689 1373 4731 eorum
1398 4669 1535 4732 heredes
1554 4669 1606 4730 vel
1632 4668 1770 4749 quilibet

85 4758 169 4820 alius
184 4774 247 4839 pro
264 4756 344 4838 ipsis
360 4765 392 4819 te
408 4757 461 4819 vel
477 4775 681 4821 successores
697 4767 772 4820 tuos
788 4758 831 4820 de
846 4767 956 4844 cetero
972 4776 1071 4838 super
1086 4757 1150 4820 hoc
1171 4757 1351 4839 inquietare
1374 4769 1550 4839 presumat,
1576 4759 1769 4820 auctoritate

86 4847 274 4930 apostolica
296 4840 520 4928 prohibemus.
567 4847 601 4911 Si
634 4847 706 4928 quis
734 4858 844 4911 autem
873 4848 1047 4910 temerario
1079 4867 1158 4908 ausu
1190 4847 1223 4909 id
1253 4858 1449 4928 attemptare
1481 4849 1726 4929 presumpserit,
1751 4867 1771 4908 a

86 4936 308 5001 sacratissimo
333 4954 472 5018 corpore
496 4957 535 4999 ac
557 4937 715 5019 sanguine
739 4936 791 5000 dei
815 4945 848 5000 et
872 4936 1006 5013 domini,
1031 4936 1249 5018 redemptoris
1272 4938 1374 4999 nostri
1399 4938 1469 5000 lesu
1494 4936 1621 5012 Christi,
1646 4937 1769 4999 alienus

86 5026 153 5103 frat,
177 5036 279 5108 atque
295 5025 327 5088 in
345 5035 494 5090 extremo
511 5027 662 5089 examine
680 5025 825 5113 districte
845 5023 851 5110 Ι
871 5026 985 5089 ultioni
1002 5027 1179 5089 subiaceat.
1196 5062 1240 5072 -
1255 5024 1331 5089 Dat.
1348 5027 1486 5103 Viterbi‚
1502 5040 1566 5089 xvl
1581 5026 1634 5088 Kl.
1651 5027 1770 5102 Novb,

253 5141 296 5190 Or.
315 5140 348 5189 im
366 5140 481 5191 Arclrr‘w'o
502 5140 682 5205 capitularem
700 5142 795 5189 Arenio.

251 5213 321 5279 Perg.
340 5210 401 5272 itud,
420 5213 455 5261 br.
476 5214 661 5273 0,19-0,194,
680 5214 741 5278 lang
758 5213 845 5272 0,218,
864 5219 938 5262 unlm
958 5214 1036 5273 O‚022
1055 5211 1244 5279 unrgesclrlagen,
1270 5211 1348 5261 durch
1366 5212 1425 5261 zwei
1440 5212 1533 5262 [ὄτλον
1547 5213 1605 5278 geht
1620 5212 1670 5262 eine
1688 5212 1771 5278 Hans-

85 5280 186 5346 scum,
213 5285 286 5335 derm
302 5285 428 5351 Bltisr'egel
446 5286 563 5334 uaerloren.
601 5282 710 5348 Faltung
732 5286 776 5333 der
796 5284 897 5333 Brevm.
935 5286 983 5335 Die
1001 5284 1097 5334 Initiale
1119 5286 1187 5334 stark
1204 5285 1371 5351 ausgebuclrtet
1394 5285 1450 5334 und
1464 5282 1569 5334 ziemlich
1584 5301 1661 5351 grass.
1680 5312 1713 5322 -
1733 5285 1770 5333 lm

89 5358 192 5424 catalog
208 5357 257 5405 Nr.
277 5358 329 5406 101
341 5350 423 5421 findet
437 5353 503 5405 sicin·
525 5356 638 5422 Rapidus,
649 5355 723 5420 filius
745 5356 878 5405 Rolandini
902 5354 931 5405 dc
953 5357 1099 5423 Bivignano,
1124 5356 1237 5423 transigit
1260 5371 1340 5406 omnes
1366 5356 1417 5406 lites
1443 5364 1466 5406 et
1488 5357 1592 5406 imitrias
1614 5354 1696 5405 illatas
1720 5357 1770 5418 sibi,

252 5536 277 5594 r)
296 5532 470 5598 Hieronymus,
490 5533 593 5600 Bisciof
605 5549 653 5584 von
673 5537 766 5593 Aram,
788 5535 969 5584 rur-1177.
1056 5538 1083 5601 2)
1102 5535 1247 5600 Bergium,
1269 5537 1302 5585 10
1320 5533 1428 5602 Miglim
1446 5549 1494 5583 von
1512 5537 1598 5584 Aream
1616 5533 1679 5584 noch
1702 5534 1772 5584 Ostcn

81 5607 188 5673 gelrgm,
207 5605 242 5654 im
266 5605 334 5654 Valle
357 5605 477 5655 Tiberirm.
574 5610 601 5673 3)
620 5606 720 5666 Sancto,
738 5606 831 5655 rmwrit
850 5606 956 5666 Castello,
975 5607 1059 5656 inlicit
1077 5623 1124 5657 von
1142 5609 1235 5659 Arma.
1345 5616 1373 5674 4)
1397 5606 1460 5657 Colle
1478 5609 1570 5673 misem
1589 5607 1669 5668 Simu,
1688 5607 1773 5657 remrde

85 5682 167 5743 spriter
184 5676 308 5728 Bivium,
381 5678 409 5745 5)
430 5676 586 5744 Martinstag,
607 5678 797 5729 11November.

140 5787 162 5817 v.
178 5774 474 5826 l'tlusskdlarttunss,
489 5774 546 5817 Aeta
559 5774 604 5816 111.
1542 5773 1574 5808 ιο
