3982 6194
373 446 394 523 †
417 448 490 527 Ego
513 446 612 509 Iulius
635 446 797 529 presbiter
819 448 988 511 cardinalis
1010 450 1057 511 tit.
1080 450 1180 511 sancti
1203 449 1346 512 Marcelli
1371 471 1412 512 ss,

373 533 394 591 i
418 537 490 617 Ego
514 533 621 598 Guido
646 537 806 617 presbiter
829 538 1002 601 cardinalis
1025 539 1071 600 tit.
1097 538 1240 601 Pastoris
1262 559 1304 600 ss.

372 624 394 705 †
416 625 489 706 Ego
512 624 670 687 Iordanus
700 627 863 709 presbiter
894 628 1063 690 cardinalis
1085 629 1132 689 tit.
1155 637 1337 690 sanctarum
1362 628 1507 711 Susanne
1531 637 1564 691 et
1587 628 1762 692 Felicitatis
1785 650 1826 691 ss.

373 711 394 793 †
417 713 490 795 Ego
516 711 714 777 Octavianus
738 714 897 797 presbiter
920 716 1088 779 cardinalis
1112 717 1158 778 tit.
1181 726 1293 779 sancte
1317 715 1437 779 Cecilie
1459 737 1500 779 ss.

371 802 488 884 †Ego
512 801 676 866 Gerardus
706 804 869 886 presbiter
900 806 1071 868 cardinalis
1102 809 1149 867 tit.
1172 809 1274 868 sancti
1297 804 1455 886 Stephani
1482 807 1512 868 in
1537 807 1627 870 Celio
1651 814 1762 869 monte
1785 827 1827 869 ss.

374 889 394 972 †
417 893 491 973 Ego
514 891 675 955 Henricus
699 893 860 975 presbiter
883 895 1054 958 cardinalis
1078 897 1126 956 tit.
1148 905 1333 958 sanctorum
1356 894 1454 958 Nerei
1479 904 1512 957 et
1534 894 1675 959 Achillei
1697 916 1739 957 ss.

372 979 394 1060 †
416 982 489 1063 Ego
513 981 672 1044 lohannes
695 984 858 1065 presbiter
880 984 1050 1046 cardinalis
1074 986 1121 1045 tit.
1144 994 1331 1047 sanctorum
1354 982 1495 1046 Silvestri
1519 997 1552 1048 et
1576 986 1704 1047 Martini
1726 1006 1767 1047 ss.

375 1106 415 1115 -
440 1069 460 1152 †
484 1069 556 1151 Ego
581 1068 688 1135 Guido
711 1075 871 1135 diaconus
894 1071 1064 1135 cardinalis
1087 1083 1199 1135 sancte
1224 1074 1325 1136 Marie
1348 1075 1377 1134 in
1402 1073 1532 1136 Porticu
1554 1094 1595 1136 ss.
1619 1071 1665 1159 (2)

373 1160 395 1237 l
417 1158 490 1241 Ego
514 1158 592 1223 Odo
614 1161 771 1223 diaconus
795 1163 969 1224 cardinalis
992 1165 1094 1224 sancti
1118 1160 1267 1225 Nicholai
1291 1165 1321 1224 in
1345 1182 1474 1225 carcere
1497 1162 1647 1225 Tulliano
1671 1183 1712 1225 ss.
1736 1161 1782 1246 (7)

320 1247 399 1310 Dat.
414 1248 575 1323 Laterani,
599 1269 658 1330 per
681 1271 811 1313 manum
835 1251 986 1324 Rolandi‚
1010 1260 1122 1332 sancte
1137 1251 1283 1335 Romane
1307 1251 1442 1335 ecclesie
1467 1252 1635 1332 presbiteri
1659 1252 1828 1314 cardinalis
1932 1258 1935 1264 '

159 1344 189 1397 et
212 1336 408 1399 cancellarii.
446 1337 695 1401 1111dus1unii.
735 1339 914 1404 indictione
938 1355 971 1402 ΙΙ.
1016 1340 1246 1402 Incarnationis
1270 1341 1435 1403 dominice
1458 1361 1543 1403 anno
1568 1354 1702 1405 MCL1111.
1746 1343 1828 1404 Pon·

158 1424 302 1487 tificatus
325 1427 539 1489 verodomni
564 1425 729 1491 Anastasii
753 1449 810 1511 pp.
834 1445 887 1493 1111
909 1449 995 1492 anno
1020 1431 1136 1511 primo.
1159 1464 1203 1474 -

321 1539 366 1588 Or.
384 1540 422 1601 (S.
441 1541 560 1589 Frediano
580 1545 611 1589 11
634 1542 730 1606 Giugno
750 1546 837 1601 1154),
856 1543 889 1591 im
906 1543 1020 1592 Arckiuio
1039 1544 1067 1591 di
1083 1544 1150 1591 Statu
1167 1561 1196 1591 zu
1213 1545 1305 1594 Lucra.

320 1612 392 1675 Perg.
410 1613 470 1671 irat,
492 1613 527 1662 br.
545 1614 613 1672 aaa,
639 1615 701 1678 lang
717 1616 785 1673 ons,
810 1622 885 1662 unten
904 1616 981 1675 0,033
1000 1614 1190 1679 umgeschlagen,
1215 1616 1291 1663 durch
1315 1615 1373 1664 araci
1389 1616 1479 1664 ascher
1498 1615 1556 1680 geta
1580 1616 1617 1664 die
1640 1614 1830 1677 irritantichgrlbe

155 1683 210 1729 ama
225 1682 307 1730 weiss!
324 1684 507 1743 Seidenscbnur,
532 1700 617 1732 uroran
635 1686 681 1733 das
698 1686 823 1752 Bleisr'egel
842 1687 939 1734 neodem
956 1702 1003 1735 neri
1021 1687 1141 1735 verknotct
1157 1687 1240 1751 hdirgt.
1277 1688 1387 1751 Faltrmg
1406 1689 1449 1737 der
1467 1688 1564 1736 Bullcn.
1601 1688 1649 1736 Die
1672 1687 1827 1749 l'erervrgung

149 1756 215 1816 seitlt
234 1757 306 1812 ona.
344 1756 392 1803 Die
414 1755 577 1819 Unterschrist
601 1757 691 1805 scheint
712 1773 759 1805 van
783 1759 826 1806 der
845 1758 919 1806 Daue
944 1759 983 1807 des
1002 1758 1180 1822 llauptkirpers
1202 1758 1371 1816 hemeritam,
1398 1759 1535 1822 Ringkrma
1552 1759 1674 1817 dunilere,
1696 1757 1831 1820 Umsclmss

154 1826 241 1873 ballare
259 1826 344 1875 Dinia.
381 1828 429 1876 Die
451 1829 582 1892 Datinmg
604 1828 634 1876 ist
655 1829 699 1876 mit
721 1829 819 1878 hellam
835 1829 912 1877 Dinte
937 1831 975 1877 als
997 1831 1040 1878 dtr
1063 1829 1234 1893 Hauptkiirptr
1254 1830 1410 1895 gesclrirbm,
1434 1830 1551 1878 uirllcicht
1573 1831 1618 1878 mit
1640 1832 1684 1878 der
1708 1830 1751 1877 der
1771 1829 1829 1877 tva-

154 1897 251 1960 sctnyr,
279 1897 324 1945 das
342 1899 364 1946 R
382 1900 491 1947 Rolands
514 1900 587 1946 datin
608 1899 667 1963 aeigt
689 1899 803 1950 daenklere
821 1901 903 1960 Dinte,
926 1901 1014 1949 andere
1037 1903 1074 1949 als
1097 1902 1142 1949 das
1159 1902 1304 1964 lt‘tngtma.
1341 1904 1388 1950 Die
1407 1902 1613 1967 l’resbyarfirmm
1636 1901 1744 1950 vander
1760 1904 1829 1948 naisit-

151 1968 231 2016 acken
254 1969 410 2018 sattdunklen
427 1972 509 2029 Dinte,
530 1970 589 2018 sind
608 1972 715 2018 antistans
737 1972 800 2020 aricia
822 1973 890 2020 anahl
910 1988 958 2020 von
978 1972 1015 2021 ein
1039 1973 1094 2019 und
1114 1973 1230 2021 darselhm
1249 1974 1328 2021 Hand
1346 1973 1502 2038 geschricbcn,
1531 1973 1629 2021 Gerard
1649 1973 1734 2021 πυκναί(
1757 1972 1830 2019 amcl-

153 2039 260 2106 rra‘glich
277 2040 395 2090 written
415 2042 533 2091 Octavian
549 2041 606 2089 und
614 2042 730 2091 Heinrich
747 2044 917 2108 eingeschobm.
953 2044 1002 2093 Die
1019 2044 1130 2109 Birciiisc
1147 2045 1202 2092 mid
1217 2046 1260 2094 der
1272 2046 1371 2095 Diakon
1387 2045 1466 2093 Cnido
1483 2044 1567 2093 aueisen
1585 2044 1670 2094 lettere
1682 2045 1757 2092 Dinte
1774 2044 1829 2111 aus.

903 2354 971 2429 Nr.
1001 2360 1086 2430 147.

155 2489 359 2552 Anastasius
388 2487 450 2550 IV
473 2489 590 2551 nimmt
619 2487 681 2550 das
703 2487 858 2570 Hospital
888 2489 1026 2552 Cantara
1055 2488 1107 2551 ba·
1132 2489 1255 2552 Albana
1288 2488 1320 2549 ia
1350 2487 1580 2570 apostalisclzaa
1612 2487 1729 2549 Setun
1761 2486 1833 2549 und

155 2578 308 2661 bestatigt
322 2574 392 2639 iltm
407 2577 495 2639 seina
511 2577 758 2655 Besitatluimer,
780 2576 1099 2729 τυοίᾶνὲἱίῖξνῖἷέ
1114 2580 1167 2642 cia
1183 2576 1300 2657 Psund
1323 2575 1435 2640 Waclas
1449 2598 1492 2639 aaa
1507 2576 1560 2639 die
1578 2575 1680 2638 Karia
1703 2597 1742 2638 aa
1765 2585 1830 2638 ent-

721 2803 804 2863 1154
828 2799 1012 2882 September
1033 2803 1083 2865 15.
1129 2803 1278 2865 Lateran.

319 2934 513 2998 Anastasius
537 2936 720 3016 episcopus,
751 2956 863 2997 servus
886 2955 1053 2997 servorum
1078 2935 1139 3009 dei,
1173 2936 1297 2997 dilectis
1321 2934 1390 2996 filiis
1413 2932 1547 2995 iohanni
1572 2933 1699 3005 Crasso,
1729 2931 1829 3013 priori

158 3025 332 3108 hospitalis
360 3025 402 3087 de
426 3023 577 3098 Cantaro,
606 3023 742 3086 Iohanni
773 3024 964 3107 presbiter0‚
995 3024 1072 3087 Ade
1096 3033 1128 3087 et
1150 3024 1296 3097 Nicola0,
1320 3022 1444 3086 clericis
1475 3022 1621 3083 eiusdem
1652 3019 1830 3102 hospitalis,

157 3115 293 3195 aliisque
326 3113 489 3186 iratribus,
519 3121 586 3174 tam
620 3113 826 3194 presentibus
850 3133 948 3192 quam
978 3113 1100 3186 suturis,
1131 3126 1169 3176 ΙΝ
1192 3126 1268 3174 ΡΡΜ.
1292 3148 1335 3157 -
1355 3110 1360 3195 l
1382 3110 1473 3174 Sicut
1502 3109 1686 3191 religiosum
1718 3117 1768 3171 est
1799 3117 1832 3170 et

158 3204 269 3266 officio
294 3204 427 3284 pietatis
442 3201 639 3275 adiunctum,
663 3203 704 3265 ad
730 3204 974 3284 peregrinorum
999 3223 1245 3284 pauperumque
1269 3203 1490 3281 receptionem
1511 3199 1735 3261 convenientia
1757 3198 1831 3260 loca

159 3302 364 3362 construere,
396 3292 440 3354 ita
471 3291 604 3370 quidem
636 3291 728 3372 vigor
759 3299 927 3355 ammonet
949 3293 1092 3366 rationis,
1124 3292 1167 3354 ad
1191 3288 1483 3375 conlservationem
1515 3308 1627 3350 eorum
1659 3287 1832 3369 diligenter

158 3381 330 3444 intendere
354 3400 402 3454 ac,
433 3400 473 3442 ne
504 3400 677 3461 pravorum
709 3381 888 3443 incursibus
916 3379 1071 3441 utilitates
1095 3380 1284 3462 depereant,
1315 3380 1527 3460 indigentium
1551 3377 1693 3458 vigilanti
1723 3377 1831 3437 studio

159 3471 344 3553 providere.
391 3467 444 3530 Ex
467 3477 625 3550 precepto
653 3478 760 3532 autem
793 3469 895 3531 felicis
927 3470 1082 3551 memorie
1120 3490 1207 3552 pape
1238 3468 1406 3540 Celestini‚
1445 3467 1685 3548 predecessoris
1720 3467 1831 3537 nostri,

159 3560 276 3622 dilecte
305 3560 339 3620 in
370 3558 502 3620 domino
526 3557 569 3619 tili
592 3556 775 3620 lohannnes
800 3558 929 3630 Crasse,
955 3560 986 3619 in
1015 3559 1065 3619 via
1098 3560 1228 3639 publica
1251 3566 1325 3619 ante
1352 3555 1524 3620 Cantarum
1554 3558 1644 3617 iuxta
1667 3556 1831 3616 civitatem

161 3649 406 3721 Albanensem,
444 3647 475 3708 in
513 3646 635 3709 allodio
672 3647 758 3709 beati
796 3649 881 3710 Petri
922 3646 1117 3728 hospitalem
1149 3648 1285 3709 domum
1317 3646 1359 3708 ad
1391 3644 1610 3725 receptionem
1652 3663 1831 3724 pauperum

161 3738 389 3817 solaciumque
425 3738 671 3817 peregrinorum
710 3736 861 3818 expensis
900 3738 1041 3817 propriis
1079 3736 1285 3798 construxisti
1326 3744 1360 3796 et
1389 3735 1431 3796 ad
1467 3734 1700 3795 incrementum
1732 3735 1833 3814 ipsius

162 3827 339 3889 studiosius
362 3824 519 3887 elaboras.
566 3823 729 3904 Quoniam
754 3826 851 3906 igitur
873 3826 960 3886 idem
988 3824 1158 3905 hospitale,
1191 3846 1257 3906 quo
1287 3824 1402 3886 melius
1435 3822 1478 3884 ab
1502 3822 1709 3884 infestatione
1732 3823 1833 3902 ipsius

163 3935 339 3996 pravorum
364 3915 530 3976 temeritas
553 3922 708 3985 arceatur,
732 3923 844 3976 nostro
868 3913 1059 3995 postulastis
1082 3914 1250 3996 privilegio
1267 3912 1466 3981 communiri,
1490 3931 1550 3973 nos
1571 3910 1833 3972 consideratione

164 4007 262 4066 nostri
292 4001 395 4065 officii
425 4011 458 4064 et
489 4005 542 4083 pie
571 4003 758 4066 intentionis
781 4011 888 4085 vestre
920 4003 1029 4066 studio
1062 4005 1242 4084 provocati,
1272 4001 1481 4084 petitionibus
1513 4000 1626 4061 vestris
1657 3999 1834 4061 clementer

164 4096 344 4165 annuimus,
369 4101 402 4154 et
424 4092 466 4153 ad
490 4090 659 4172 exemplar
682 4092 952 4174 predecessorum
977 4100 1161 4153 nostrorum
1184 4092 1287 4153 felicis
1311 4092 1467 4170 memorie
1491 4088 1593 4151 LUCII
1616 4097 1649 4151 et
1671 4087 1832 4161 EUGENII,

164 4182 389 4245 Romanorum
420 4178 619 4262 pontificum,
656 4180 764 4243 locum
797 4183 913 4262 ipsum,
944 4181 985 4241 ab
1017 4183 1106 4243 omni
1138 4183 1325 4262 gravamine
1361 4199 1418 4241 seu
1457 4180 1627 4240 exactione
1664 4177 1834 4240 cuiuslibet

166 4291 304 4352 persone
328 4268 475 4344 liberum,
506 4269 568 4331 sub
591 4269 678 4331 beati
701 4272 796 4342 Petri,
829 4271 919 4332 cuius
942 4269 1016 4331 iuris
1039 4290 1110 4332 esse
1134 4271 1319 4341 dinoscitur,
1351 4278 1384 4330 et
1414 4277 1524 4329 nostra
1551 4269 1754 4348 protectione
1784 4286 1833 4327 su-

166 4362 330 4443 scipimus,
357 4365 390 4419 et
412 4358 570 4439 presentis
593 4360 705 4440 scripti
730 4359 911 4440 patrocinio
935 4361 1183 4421 communimus.
1230 4356 1426 4430 Statuentes,
1450 4365 1484 4417 ut
1514 4375 1736 4435 quascumque
1759 4375 1835 4437 pos·

166 4452 338 4520 sessiones,
371 4466 576 4529 quecumque
606 4448 694 4510 bona
726 4449 812 4510 idem
838 4447 929 4509 locus
953 4449 984 4509 in
1009 4450 1243 4528 presentiarum
1269 4449 1352 4509 iuste
1376 4453 1408 4508 et
1432 4444 1574 4525 legitime
1608 4444 1756 4528 possidet
1780 4453 1835 4506 aut

167 4538 193 4599 in
223 4538 373 4600 futurum
409 4535 652 4598 rationabilibus
686 4537 792 4599 modis
828 4537 892 4598 deo
923 4539 1068 4618 propitio
1099 4537 1218 4618 poterit
1249 4537 1394 4617 adipisci,
1424 4533 1516 4595 firma
1538 4533 1631 4595 vobis
1654 4535 1834 4614 vestrisque

168 4625 410 4689 successoribus
434 4633 467 4687 et
489 4644 549 4706 per
571 4645 631 4687 vos
654 4625 759 4687 eidem
782 4624 935 4707 hospitali
966 4633 999 4687 et
1023 4624 1140 4688 Christi
1171 4625 1369 4707 pauperibus
1400 4631 1433 4684 et
1463 4622 1584 4685 illibata
1614 4630 1835 4704 permaneant.

169 4715 384 4778 Decernimus
407 4733 494 4795 erg0,
525 4721 560 4775 ut
583 4714 660 4777 nulli
685 4716 819 4776 omnino
844 4714 1009 4777 hominum
1035 4713 1139 4788 liceat,
1164 4714 1324 4795 prefatum
1348 4712 1456 4773 locum
1491 4720 1615 4773 temere
1646 4712 1835 4793 perturbare

170 4814 219 4867 aut
243 4805 313 4866 eius
337 4805 561 4884 possessiones
592 4803 718 4866 auferre
740 4802 792 4865 vel
820 4803 944 4866 ablatas
978 4805 1124 4876 retinere,
1157 4804 1298 4865 minuere
1329 4810 1384 4863 aut
1415 4800 1577 4881 aliquibus
1608 4801 1835 4863 vexationibus

171 4893 315 4974 fatigare,
339 4892 399 4953 sed
415 4893 525 4953 omnia
541 4893 668 4973 integra
683 4901 916 4955 conserventur
931 4911 1052 4966 eorum,
1069 4913 1130 4973 pro
1146 4913 1284 4972 quorum
1301 4891 1538 4972 gubernatione
1554 4898 1586 4951 et
1602 4892 1836 4953 sustentatione

172 5002 325 5044 concessa
357 4989 446 5054 sunt,
478 4979 587 5042 usibus
619 4982 814 5044 omnimodis
847 4981 1024 5063 profutura.
1077 4981 1132 5042 Ad
1163 4981 1316 5043 indicium
1350 4987 1472 5049 autem,
1506 4978 1596 5057 quod
1627 4979 1714 5041 idem
1746 4979 1836 5041 locus

173 5071 256 5134 beati
280 5071 368 5133 Petri
400 5071 475 5131 iuris
505 5071 554 5142 sit,
584 5070 666 5134 libra
696 5090 759 5132 una
790 5089 862 5153 cere
893 5070 935 5132 de
967 5070 1039 5152 ipso
1070 5068 1223 5151 hospitali
1252 5069 1346 5130 nobis
1378 5070 1563 5147 nostrisque
1593 5069 1836 5130 successoribus

173 5162 257 5222 annis
290 5159 423 5241 singulis
455 5158 666 5240 persolvatur.
717 5155 751 5220 Si
784 5178 849 5239 qua
877 5159 972 5240 igitur
1003 5208 1010 5221 .
1041 5207 1047 5220 .
1078 5157 1242 5221 ‚Cunctis
1272 5166 1380 5219 autem
1406 5206 1412 5218 .
1439 5205 1445 5219 .
1470 5204 1477 5218 .
1501 5157 1671 5221 inveniant.
1717 5158 1835 5220 Amen.

173 5247 259 5313 A-m.
283 5248 402 5311 Amen.
425 5282 468 5293 —

384 5334 440 5419 (R)
464 5336 537 5418 Ego
560 5336 752 5399 Anastasius
776 5335 935 5418 catholice
959 5333 1094 5417 ecclesie
1118 5335 1292 5417 episcopus
1314 5356 1355 5397 ss.
1377 5332 1440 5420 (Ml

384 5426 404 5504 †
426 5427 500 5507 Ego
525 5424 661 5488 Cencius
685 5426 871 5488 Portuensis
895 5434 927 5488 et
948 5432 1061 5486 sancte
1084 5423 1200 5486 Rufine
1224 5427 1399 5506 episcopus
1422 5444 1463 5485 ss.

384 5513 404 5595 †
427 5515 499 5597 Ego
523 5511 797 5599 GG.(Gregorius)
820 5512 1005 5578 Sabinensis
1029 5515 1205 5595 episcopus
1228 5534 1269 5576 ss.
1293 5510 1339 5597 (2)

388 5640 427 5650 -
452 5602 472 5687 †
495 5605 568 5686 Ego
592 5602 702 5667 Guido
725 5603 885 5686 presbiter
907 5602 1079 5665 cardinalis
1100 5603 1147 5664 tit
1170 5606 1270 5666 sancti
1297 5601 1470 5682 Grisogoni
1493 5620 1534 5664 ss.
1557 5599 1603 5686 (1)
