<?xml version="1.0" encoding="UTF-8"?>
<!DOCTYPE html PUBLIC "-//W3C//DTD XHTML 1.0 Transitional//EN"
    "http://www.w3.org/TR/xhtml1/DTD/xhtml1-transitional.dtd">
<html xmlns="http://www.w3.org/1999/xhtml" xml:lang="en" lang="en">
 <head>
  <title>
</title>
<meta http-equiv="Content-Type" content="text/html;charset=utf-8" />
  <meta name='ocr-system' content='tesseract 3.04.00' />
  <meta name='ocr-capabilities' content='ocr_page ocr_carea ocr_par ocr_line ocrx_word'/>
</head>
<body>
  <div class='ocr_page' id='page_1' title='image "actapontificumr00papagoog_0182.png"; bbox 0 0 3982 6194; ppageno 0'>
   <div class='ocr_carea' id='block_1_1' title="bbox 134 89 1825 5077">
    <p class='ocr_par' dir='ltr' id='par_1_1' title="bbox 134 89 1825 5077">
     <span class='ocr_line' id='line_1_1' title="bbox 155 89 1824 176; baseline 0.001 -22"><span class='ocrx_word' id='word_1_1' title='bbox 155 89 319 175; x_wconf 85' lang='lat' dir='ltr'>operas(!),</span> <span class='ocrx_word' id='word_1_2' title='bbox 344 92 514 168; x_wconf 87' lang='lat' dir='ltr'>districtus,</span> <span class='ocrx_word' id='word_1_3' title='bbox 539 94 727 175; x_wconf 85' lang='lat' dir='ltr'><strong>legationes,</strong></span> <span class='ocrx_word' id='word_1_4' title='bbox 751 95 870 170; x_wconf 86' lang='lat' dir='ltr'>hostes,</span> <span class='ocrx_word' id='word_1_5' title='bbox 895 97 1018 170; x_wconf 87' lang='lat' dir='ltr'>itinera,</span> <span class='ocrx_word' id='word_1_6' title='bbox 1044 95 1171 159; x_wconf 86' lang='lat' dir='ltr'>iodrum</span> <span class='ocrx_word' id='word_1_7' title='bbox 1193 105 1225 157; x_wconf 88' lang='lat' dir='ltr'>et</span> <span class='ocrx_word' id='word_1_8' title='bbox 1242 107 1355 169; x_wconf 89' lang='lat' dir='ltr'>cetera,</span> <span class='ocrx_word' id='word_1_9' title='bbox 1380 115 1443 176; x_wconf 92' lang='lat' dir='ltr'>que</span> <span class='ocrx_word' id='word_1_10' title='bbox 1468 95 1498 156; x_wconf 94' lang='lat' dir='ltr'>in</span> <span class='ocrx_word' id='word_1_11' title='bbox 1516 93 1643 175; x_wconf 81' lang='lat' dir='ltr'>prefato</span> <span class='ocrx_word' id='word_1_12' title='bbox 1667 104 1824 175; x_wconf 90' lang='lat' dir='ltr'>precepto</span> 
     </span>
     <span class='ocr_line' id='line_1_2' title="bbox 155 183 1825 264; baseline 0 -20"><span class='ocrx_word' id='word_1_13' title='bbox 155 183 373 257; x_wconf 88' lang='lat' dir='ltr'>continentur,</span> <span class='ocrx_word' id='word_1_14' title='bbox 398 191 431 245; x_wconf 92' lang='lat' dir='ltr'>et</span> <span class='ocrx_word' id='word_1_15' title='bbox 454 183 496 246; x_wconf 93' lang='lat' dir='ltr'>de</span> <span class='ocrx_word' id='word_1_16' title='bbox 519 183 640 247; x_wconf 85' lang='lat' dir='ltr'>abbate</span> <span class='ocrx_word' id='word_1_17' title='bbox 664 195 696 247; x_wconf 91' lang='lat' dir='ltr'>et</span> <span class='ocrx_word' id='word_1_18' title='bbox 720 187 918 247; x_wconf 90' lang='lat' dir='ltr'>monasterio</span> <span class='ocrx_word' id='word_1_19' title='bbox 941 186 1044 247; x_wconf 92' lang='lat' dir='ltr'>sancti</span> <span class='ocrx_word' id='word_1_20' title='bbox 1060 186 1233 259; x_wconf 91' lang='lat' dir='ltr'>Laurentii,</span> <span class='ocrx_word' id='word_1_21' title='bbox 1257 186 1340 247; x_wconf 92' lang='lat' dir='ltr'>sicut</span> <span class='ocrx_word' id='word_1_22' title='bbox 1363 185 1445 246; x_wconf 89' lang='lat' dir='ltr'>iuste</span> <span class='ocrx_word' id='word_1_23' title='bbox 1469 184 1653 246; x_wconf 85' lang='lat' dir='ltr'>continetur</span> <span class='ocrx_word' id='word_1_24' title='bbox 1675 183 1707 245; x_wconf 93' lang='lat' dir='ltr'>in</span> <span class='ocrx_word' id='word_1_25' title='bbox 1729 184 1825 264; x_wconf 91' lang='lat' dir='ltr'>privi-</span> 
     </span>
     <span class='ocr_line' id='line_1_3' title="bbox 155 271 1823 355; baseline -0.001 -21"><span class='ocrx_word' id='word_1_26' title='bbox 155 271 246 353; x_wconf 85' lang='lat' dir='ltr'>legiis</span> <span class='ocrx_word' id='word_1_27' title='bbox 277 272 344 335; x_wconf 92' lang='lat' dir='ltr'>tuis</span> <span class='ocrx_word' id='word_1_28' title='bbox 374 280 407 334; x_wconf 93' lang='lat' dir='ltr'>et</span> <span class='ocrx_word' id='word_1_29' title='bbox 437 272 470 333; x_wconf 92' lang='lat' dir='ltr'>in</span> <span class='ocrx_word' id='word_1_30' title='bbox 502 275 665 354; x_wconf 87' lang='lat' dir='ltr'>preceptis</span> <span class='ocrx_word' id='word_1_31' title='bbox 698 275 944 355; x_wconf 91' lang='lat' dir='ltr'>imperatorum,</span> <span class='ocrx_word' id='word_1_32' title='bbox 976 273 1129 337; x_wconf 91' lang='lat' dir='ltr'>ecclesias</span> <span class='ocrx_word' id='word_1_33' title='bbox 1161 274 1291 354; x_wconf 90' lang='lat' dir='ltr'>insuper</span> <span class='ocrx_word' id='word_1_34' title='bbox 1322 274 1424 336; x_wconf 92' lang='lat' dir='ltr'>sancti</span> <span class='ocrx_word' id='word_1_35' title='bbox 1449 272 1626 336; x_wconf 89' lang='lat' dir='ltr'>Salvatoris</span> <span class='ocrx_word' id='word_1_36' title='bbox 1656 278 1689 333; x_wconf 90' lang='lat' dir='ltr'>et</span> <span class='ocrx_word' id='word_1_37' title='bbox 1721 273 1823 334; x_wconf 91' lang='lat' dir='ltr'>sancti</span> 
     </span>
     <span class='ocr_line' id='line_1_4' title="bbox 156 360 1825 447; baseline -0.001 -23"><span class='ocrx_word' id='word_1_38' title='bbox 156 360 288 424; x_wconf 88' lang='lat' dir='ltr'>Martini</span> <span class='ocrx_word' id='word_1_39' title='bbox 312 361 356 424; x_wconf 90' lang='lat' dir='ltr'>de</span> <span class='ocrx_word' id='word_1_40' title='bbox 379 361 549 442; x_wconf 85' lang='lat' dir='ltr'>Morengo,</span> <span class='ocrx_word' id='word_1_41' title='bbox 572 364 675 425; x_wconf 92' lang='lat' dir='ltr'>sancti</span> <span class='ocrx_word' id='word_1_42' title='bbox 692 362 826 425; x_wconf 90' lang='lat' dir='ltr'>Andree</span> <span class='ocrx_word' id='word_1_43' title='bbox 850 364 891 426; x_wconf 92' lang='lat' dir='ltr'>de</span> <span class='ocrx_word' id='word_1_44' title='bbox 914 364 1098 444; x_wconf 86' lang='lat' dir='ltr'>Brugnan0,</span> <span class='ocrx_word' id='word_1_45' title='bbox 1122 373 1233 425; x_wconf 87' lang='lat' dir='ltr'>sancte</span> <span class='ocrx_word' id='word_1_46' title='bbox 1250 364 1352 447; x_wconf 87' lang='lat' dir='ltr'>Marie</span> <span class='ocrx_word' id='word_1_47' title='bbox 1376 363 1417 425; x_wconf 97' lang='lat' dir='ltr'>de</span> <span class='ocrx_word' id='word_1_48' title='bbox 1432 363 1593 435; x_wconf 90' lang='lat' dir='ltr'>Rumano‚</span> <span class='ocrx_word' id='word_1_49' title='bbox 1618 371 1650 423; x_wconf 90' lang='lat' dir='ltr'>et</span> <span class='ocrx_word' id='word_1_50' title='bbox 1673 361 1825 446; x_wconf 91' lang='lat' dir='ltr'>ecclesias</span> 
     </span>
     <span class='ocr_line' id='line_1_5' title="bbox 156 448 1823 534; baseline 0.001 -23"><span class='ocrx_word' id='word_1_51' title='bbox 156 449 195 512; x_wconf 92' lang='lat' dir='ltr'>de</span> <span class='ocrx_word' id='word_1_52' title='bbox 224 451 392 525; x_wconf 90' lang='lat' dir='ltr'>Farinate,</span> <span class='ocrx_word' id='word_1_53' title='bbox 424 450 466 512; x_wconf 92' lang='lat' dir='ltr'>de</span> <span class='ocrx_word' id='word_1_54' title='bbox 488 448 618 514; x_wconf 91' lang='lat' dir='ltr'>Vailate</span> <span class='ocrx_word' id='word_1_55' title='bbox 649 463 682 514; x_wconf 94' lang='lat' dir='ltr'>et</span> <span class='ocrx_word' id='word_1_56' title='bbox 711 454 814 514; x_wconf 87' lang='lat' dir='ltr'>sancti</span> <span class='ocrx_word' id='word_1_57' title='bbox 844 452 1003 534; x_wconf 87' lang='lat' dir='ltr'>Stephani</span> <span class='ocrx_word' id='word_1_58' title='bbox 1036 453 1077 515; x_wconf 92' lang='lat' dir='ltr'>de</span> <span class='ocrx_word' id='word_1_59' title='bbox 1100 452 1302 532; x_wconf 83' lang='lat' dir='ltr'>Auioningo,</span> <span class='ocrx_word' id='word_1_60' title='bbox 1335 453 1376 514; x_wconf 91' lang='lat' dir='ltr'>de</span> <span class='ocrx_word' id='word_1_61' title='bbox 1406 450 1613 524; x_wconf 87' lang='lat' dir='ltr'>Fontanella,</span> <span class='ocrx_word' id='word_1_62' title='bbox 1645 450 1687 512; x_wconf 92' lang='lat' dir='ltr'>de</span> <span class='ocrx_word' id='word_1_63' title='bbox 1717 460 1823 513; x_wconf 92' lang='lat' dir='ltr'>castro</span> 
     </span>
     <span class='ocr_line' id='line_1_6' title="bbox 155 538 1824 615; baseline -0.001 -13"><span class='ocrx_word' id='word_1_64' title='bbox 155 538 297 613; x_wconf 83' lang='lat' dir='ltr'>sancini,</span> <span class='ocrx_word' id='word_1_65' title='bbox 331 540 372 602; x_wconf 94' lang='lat' dir='ltr'>de</span> <span class='ocrx_word' id='word_1_66' title='bbox 403 549 516 601; x_wconf 88' lang='lat' dir='ltr'>sancto</span> <span class='ocrx_word' id='word_1_67' title='bbox 540 540 706 613; x_wconf 86' lang='lat' dir='ltr'>Bassiano,</span> <span class='ocrx_word' id='word_1_68' title='bbox 738 542 779 603; x_wconf 96' lang='lat' dir='ltr'>de</span> <span class='ocrx_word' id='word_1_69' title='bbox 806 552 920 604; x_wconf 90' lang='lat' dir='ltr'>sancto</span> <span class='ocrx_word' id='word_1_70' title='bbox 944 543 1039 604; x_wconf 93' lang='lat' dir='ltr'>Petro</span> <span class='ocrx_word' id='word_1_71' title='bbox 1071 543 1103 604; x_wconf 94' lang='lat' dir='ltr'>in</span> <span class='ocrx_word' id='word_1_72' title='bbox 1128 540 1233 615; x_wconf 90' lang='lat' dir='ltr'>Curte‚</span> <span class='ocrx_word' id='word_1_73' title='bbox 1265 543 1306 604; x_wconf 94' lang='lat' dir='ltr'>de</span> <span class='ocrx_word' id='word_1_74' title='bbox 1335 551 1449 603; x_wconf 91' lang='lat' dir='ltr'>sancto</span> <span class='ocrx_word' id='word_1_75' title='bbox 1479 540 1623 602; x_wconf 92' lang='lat' dir='ltr'>lohanne</span> <span class='ocrx_word' id='word_1_76' title='bbox 1653 539 1685 600; x_wconf 92' lang='lat' dir='ltr'>in</span> <span class='ocrx_word' id='word_1_77' title='bbox 1710 538 1824 602; x_wconf 88' lang='lat' dir='ltr'>Castro</span> 
     </span>
     <span class='ocr_line' id='line_1_7' title="bbox 154 627 1823 716; baseline 0 -26"><span class='ocrx_word' id='word_1_78' title='bbox 154 629 263 703; x_wconf 89' lang='lat' dir='ltr'>veteri,</span> <span class='ocrx_word' id='word_1_79' title='bbox 289 629 333 692; x_wconf 91' lang='lat' dir='ltr'>de</span> <span class='ocrx_word' id='word_1_80' title='bbox 356 639 470 691; x_wconf 90' lang='lat' dir='ltr'>sancto</span> <span class='ocrx_word' id='word_1_81' title='bbox 495 629 655 716; x_wconf 90' lang='lat' dir='ltr'>Michaele</span> <span class='ocrx_word' id='word_1_82' title='bbox 679 632 710 692; x_wconf 94' lang='lat' dir='ltr'>in</span> <span class='ocrx_word' id='word_1_83' title='bbox 735 631 853 712; x_wconf 84' lang='lat' dir='ltr'>Burg0,</span> <span class='ocrx_word' id='word_1_84' title='bbox 879 632 920 693; x_wconf 93' lang='lat' dir='ltr'>de</span> <span class='ocrx_word' id='word_1_85' title='bbox 943 641 1058 693; x_wconf 92' lang='lat' dir='ltr'>sancto</span> <span class='ocrx_word' id='word_1_86' title='bbox 1081 631 1175 710; x_wconf 90' lang='lat' dir='ltr'>Syr0,</span> <span class='ocrx_word' id='word_1_87' title='bbox 1201 631 1242 693; x_wconf 92' lang='lat' dir='ltr'>de</span> <span class='ocrx_word' id='word_1_88' title='bbox 1266 629 1416 710; x_wconf 82' lang='lat' dir='ltr'>Questr0‚</span> <span class='ocrx_word' id='word_1_89' title='bbox 1441 630 1482 691; x_wconf 91' lang='lat' dir='ltr'>de</span> <span class='ocrx_word' id='word_1_90' title='bbox 1504 628 1646 702; x_wconf 86' lang='lat' dir='ltr'>Alfian0,</span> <span class='ocrx_word' id='word_1_91' title='bbox 1672 627 1713 690; x_wconf 92' lang='lat' dir='ltr'>de</span> <span class='ocrx_word' id='word_1_92' title='bbox 1735 627 1823 690; x_wconf 91' lang='lat' dir='ltr'>Lacu</span> 
     </span>
     <span class='ocr_line' id='line_1_8' title="bbox 155 717 1825 794; baseline -0.001 -15"><span class='ocrx_word' id='word_1_93' title='bbox 155 717 315 791; x_wconf 89' lang='lat' dir='ltr'>obscuro,</span> <span class='ocrx_word' id='word_1_94' title='bbox 347 718 388 780; x_wconf 93' lang='lat' dir='ltr'>de</span> <span class='ocrx_word' id='word_1_95' title='bbox 412 717 638 794; x_wconf 87' lang='lat' dir='ltr'>Scandolaria,</span> <span class='ocrx_word' id='word_1_96' title='bbox 671 720 713 782; x_wconf 91' lang='lat' dir='ltr'>de</span> <span class='ocrx_word' id='word_1_97' title='bbox 737 718 933 791; x_wconf 89' lang='lat' dir='ltr'>Calvatone,</span> <span class='ocrx_word' id='word_1_98' title='bbox 967 720 1008 782; x_wconf 93' lang='lat' dir='ltr'>de</span> <span class='ocrx_word' id='word_1_99' title='bbox 1032 730 1138 782; x_wconf 90' lang='lat' dir='ltr'>castro</span> <span class='ocrx_word' id='word_1_100' title='bbox 1162 718 1344 794; x_wconf 81' lang='lat' dir='ltr'>Rivariolo,</span> <span class='ocrx_word' id='word_1_101' title='bbox 1379 720 1419 781; x_wconf 94' lang='lat' dir='ltr'>de</span> <span class='ocrx_word' id='word_1_102' title='bbox 1442 719 1506 781; x_wconf 91' lang='lat' dir='ltr'>Via</span> <span class='ocrx_word' id='word_1_103' title='bbox 1530 738 1617 791; x_wconf 79' lang='lat' dir='ltr'>cava,</span> <span class='ocrx_word' id='word_1_104' title='bbox 1649 718 1689 779; x_wconf 93' lang='lat' dir='ltr'>de</span> <span class='ocrx_word' id='word_1_105' title='bbox 1712 727 1825 779; x_wconf 88' lang='lat' dir='ltr'>sancta</span> 
     </span>
     <span class='ocr_line' id='line_1_9' title="bbox 156 805 1824 890; baseline -0.001 -21"><span class='ocrx_word' id='word_1_106' title='bbox 156 807 268 882; x_wconf 87' lang='lat' dir='ltr'>Maria,</span> <span class='ocrx_word' id='word_1_107' title='bbox 293 808 337 870; x_wconf 92' lang='lat' dir='ltr'>de</span> <span class='ocrx_word' id='word_1_108' title='bbox 360 805 593 882; x_wconf 90' lang='lat' dir='ltr'>Commessaio‚</span> <span class='ocrx_word' id='word_1_109' title='bbox 623 808 665 871; x_wconf 93' lang='lat' dir='ltr'>de</span> <span class='ocrx_word' id='word_1_110' title='bbox 688 810 812 882; x_wconf 92' lang='lat' dir='ltr'>Dusn0,</span> <span class='ocrx_word' id='word_1_111' title='bbox 838 809 879 871; x_wconf 93' lang='lat' dir='ltr'>de</span> <span class='ocrx_word' id='word_1_112' title='bbox 902 807 1048 890; x_wconf 87' lang='lat' dir='ltr'>Corrigia</span> <span class='ocrx_word' id='word_1_113' title='bbox 1070 809 1171 879; x_wconf 93' lang='lat' dir='ltr'>viridi,</span> <span class='ocrx_word' id='word_1_114' title='bbox 1204 810 1244 871; x_wconf 94' lang='lat' dir='ltr'>de</span> <span class='ocrx_word' id='word_1_115' title='bbox 1267 810 1465 889; x_wconf 85' lang='lat' dir='ltr'>Pangoneta,</span> <span class='ocrx_word' id='word_1_116' title='bbox 1498 808 1539 869; x_wconf 93' lang='lat' dir='ltr'>de</span> <span class='ocrx_word' id='word_1_117' title='bbox 1562 806 1751 879; x_wconf 89' lang='lat' dir='ltr'>Ciconiaria,</span> <span class='ocrx_word' id='word_1_118' title='bbox 1783 806 1824 868; x_wconf 93' lang='lat' dir='ltr'>de</span> 
     </span>
     <span class='ocr_line' id='line_1_10' title="bbox 155 895 1823 977; baseline -0.001 -20"><span class='ocrx_word' id='word_1_119' title='bbox 155 895 292 958; x_wconf 88' lang='lat' dir='ltr'>ecclesia</span> <span class='ocrx_word' id='word_1_120' title='bbox 315 902 429 959; x_wconf 90' lang='lat' dir='ltr'>sancte</span> <span class='ocrx_word' id='word_1_121' title='bbox 453 897 636 977; x_wconf 86' lang='lat' dir='ltr'>Margarite,</span> <span class='ocrx_word' id='word_1_122' title='bbox 668 898 710 960; x_wconf 96' lang='lat' dir='ltr'>de</span> <span class='ocrx_word' id='word_1_123' title='bbox 734 896 902 972; x_wconf 89' lang='lat' dir='ltr'>Citanova‚</span> <span class='ocrx_word' id='word_1_124' title='bbox 932 898 1023 959; x_wconf 92' lang='lat' dir='ltr'>salvo</span> <span class='ocrx_word' id='word_1_125' title='bbox 1054 908 1176 959; x_wconf 91' lang='lat' dir='ltr'>statuto</span> <span class='ocrx_word' id='word_1_126' title='bbox 1208 918 1305 960; x_wconf 91' lang='lat' dir='ltr'>censu</span> <span class='ocrx_word' id='word_1_127' title='bbox 1330 897 1515 959; x_wconf 90' lang='lat' dir='ltr'>monasterii</span> <span class='ocrx_word' id='word_1_128' title='bbox 1539 897 1641 957; x_wconf 87' lang='lat' dir='ltr'>sancti</span> <span class='ocrx_word' id='word_1_129' title='bbox 1666 896 1759 969; x_wconf 93' lang='lat' dir='ltr'>Petri,</span> <span class='ocrx_word' id='word_1_130' title='bbox 1792 896 1823 957; x_wconf 90' lang='lat' dir='ltr'>in</span> 
     </span>
     <span class='ocr_line' id='line_1_11' title="bbox 154 984 1824 1071; baseline -0.001 -25"><span class='ocrx_word' id='word_1_131' title='bbox 154 984 293 1071; x_wconf 86' lang='lat' dir='ltr'>ecclesia</span> <span class='ocrx_word' id='word_1_132' title='bbox 317 985 421 1048; x_wconf 90' lang='lat' dir='ltr'>sancti</span> <span class='ocrx_word' id='word_1_133' title='bbox 444 985 534 1047; x_wconf 89' lang='lat' dir='ltr'>Pauli</span> <span class='ocrx_word' id='word_1_134' title='bbox 558 985 600 1048; x_wconf 93' lang='lat' dir='ltr'>de</span> <span class='ocrx_word' id='word_1_135' title='bbox 624 985 785 1049; x_wconf 88' lang='lat' dir='ltr'>Citanova</span> <span class='ocrx_word' id='word_1_136' title='bbox 815 988 863 1049; x_wconf 89' lang='lat' dir='ltr'>ius</span> <span class='ocrx_word' id='word_1_137' title='bbox 887 987 1083 1068; x_wconf 84' lang='lat' dir='ltr'>episcopale,</span> <span class='ocrx_word' id='word_1_138' title='bbox 1115 988 1197 1048; x_wconf 91' lang='lat' dir='ltr'>sicut</span> <span class='ocrx_word' id='word_1_139' title='bbox 1220 1008 1280 1068; x_wconf 92' lang='lat' dir='ltr'>per</span> <span class='ocrx_word' id='word_1_140' title='bbox 1303 987 1435 1048; x_wconf 81' lang='lat' dir='ltr'>fratrum</span> <span class='ocrx_word' id='word_1_141' title='bbox 1466 995 1650 1047; x_wconf 89' lang='lat' dir='ltr'>nostrorum</span> <span class='ocrx_word' id='word_1_142' title='bbox 1675 985 1824 1046; x_wconf 90' lang='lat' dir='ltr'>iuditium</span> 
     </span>
     <span class='ocr_line' id='line_1_12' title="bbox 154 1074 1824 1157; baseline -0.001 -21"><span class='ocrx_word' id='word_1_143' title='bbox 154 1095 194 1136; x_wconf 83' lang='lat' dir='ltr'>ex</span> <span class='ocrx_word' id='word_1_144' title='bbox 225 1075 388 1137; x_wconf 89' lang='lat' dir='ltr'>mandato</span> <span class='ocrx_word' id='word_1_145' title='bbox 419 1074 658 1155; x_wconf 87' lang='lat' dir='ltr'>predecessoris</span> <span class='ocrx_word' id='word_1_146' title='bbox 688 1077 788 1139; x_wconf 88' lang='lat' dir='ltr'>nostri</span> <span class='ocrx_word' id='word_1_147' title='bbox 819 1076 907 1138; x_wconf 93' lang='lat' dir='ltr'>bone</span> <span class='ocrx_word' id='word_1_148' title='bbox 939 1076 1095 1138; x_wconf 88' lang='lat' dir='ltr'>memorie</span> <span class='ocrx_word' id='word_1_149' title='bbox 1125 1075 1278 1138; x_wconf 90' lang='lat' dir='ltr'>Celestini</span> <span class='ocrx_word' id='word_1_150' title='bbox 1311 1096 1398 1157; x_wconf 91' lang='lat' dir='ltr'>pape</span> <span class='ocrx_word' id='word_1_151' title='bbox 1430 1084 1586 1136; x_wconf 88' lang='lat' dir='ltr'>statutum</span> <span class='ocrx_word' id='word_1_152' title='bbox 1617 1082 1681 1147; x_wconf 91' lang='lat' dir='ltr'>est;</span> <span class='ocrx_word' id='word_1_153' title='bbox 1710 1092 1824 1135; x_wconf 92' lang='lat' dir='ltr'>omnes</span> 
     </span>
     <span class='ocr_line' id='line_1_13' title="bbox 134 1163 1823 1250; baseline -0.002 -25"><span class='ocrx_word' id='word_1_154' title='bbox 134 1163 254 1225; x_wconf 36' lang='lat' dir='ltr'>*etiam</span> <span class='ocrx_word' id='word_1_155' title='bbox 285 1163 402 1245; x_wconf 91' lang='lat' dir='ltr'>plebes</span> <span class='ocrx_word' id='word_1_156' title='bbox 432 1182 506 1225; x_wconf 93' lang='lat' dir='ltr'>cum</span> <span class='ocrx_word' id='word_1_157' title='bbox 537 1164 670 1245; x_wconf 91' lang='lat' dir='ltr'>capellis</span> <span class='ocrx_word' id='word_1_158' title='bbox 700 1176 733 1227; x_wconf 92' lang='lat' dir='ltr'>et</span> <span class='ocrx_word' id='word_1_159' title='bbox 763 1165 974 1247; x_wconf 87' lang='lat' dir='ltr'>baptismales</span> <span class='ocrx_word' id='word_1_160' title='bbox 1004 1164 1157 1250; x_wconf 85' lang='lat' dir='ltr'>ecclesias</span> <span class='ocrx_word' id='word_1_161' title='bbox 1188 1185 1261 1227; x_wconf 91' lang='lat' dir='ltr'>cum</span> <span class='ocrx_word' id='word_1_162' title='bbox 1293 1184 1402 1226; x_wconf 89' lang='lat' dir='ltr'>earum</span> <span class='ocrx_word' id='word_1_163' title='bbox 1429 1163 1641 1244; x_wconf 88' lang='lat' dir='ltr'>pertinentiis,</span> <span class='ocrx_word' id='word_1_164' title='bbox 1680 1182 1761 1243; x_wconf 90' lang='lat' dir='ltr'>quas</span> <span class='ocrx_word' id='word_1_165' title='bbox 1791 1163 1823 1223; x_wconf 94' lang='lat' dir='ltr'>in</span> 
     </span>
     <span class='ocr_line' id='line_1_14' title="bbox 154 1251 1823 1339; baseline -0.001 -26"><span class='ocrx_word' id='word_1_166' title='bbox 154 1253 297 1333; x_wconf 87' lang='lat' dir='ltr'>presenti</span> <span class='ocrx_word' id='word_1_167' title='bbox 324 1253 433 1334; x_wconf 92' lang='lat' dir='ltr'>quiete</span> <span class='ocrx_word' id='word_1_168' title='bbox 457 1263 490 1314; x_wconf 91' lang='lat' dir='ltr'>et</span> <span class='ocrx_word' id='word_1_169' title='bbox 512 1254 670 1316; x_wconf 91' lang='lat' dir='ltr'>canonice</span> <span class='ocrx_word' id='word_1_170' title='bbox 693 1255 860 1335; x_wconf 90' lang='lat' dir='ltr'>possides;</span> <span class='ocrx_word' id='word_1_171' title='bbox 891 1254 933 1316; x_wconf 92' lang='lat' dir='ltr'>de</span> <span class='ocrx_word' id='word_1_172' title='bbox 965 1254 1117 1316; x_wconf 90' lang='lat' dir='ltr'>omnibus</span> <span class='ocrx_word' id='word_1_173' title='bbox 1148 1254 1300 1339; x_wconf 90' lang='lat' dir='ltr'>ecclesiis,</span> <span class='ocrx_word' id='word_1_174' title='bbox 1325 1274 1389 1334; x_wconf 88' lang='lat' dir='ltr'>que</span> <span class='ocrx_word' id='word_1_175' title='bbox 1409 1263 1484 1314; x_wconf 89' lang='lat' dir='ltr'>sunt</span> <span class='ocrx_word' id='word_1_176' title='bbox 1500 1253 1532 1313; x_wconf 95' lang='lat' dir='ltr'>in</span> <span class='ocrx_word' id='word_1_177' title='bbox 1548 1262 1604 1313; x_wconf 94' lang='lat' dir='ltr'>tuo</span> <span class='ocrx_word' id='word_1_178' title='bbox 1621 1251 1823 1332; x_wconf 90' lang='lat' dir='ltr'>episcopatu,</span> 
     </span>
     <span class='ocr_line' id='line_1_15' title="bbox 155 1339 1823 1422; baseline 0 -20"><span class='ocrx_word' id='word_1_179' title='bbox 155 1341 389 1417; x_wconf 89' lang='lat' dir='ltr'>obedientiam,</span> <span class='ocrx_word' id='word_1_180' title='bbox 419 1342 591 1422; x_wconf 87' lang='lat' dir='ltr'>synodalia</span> <span class='ocrx_word' id='word_1_181' title='bbox 622 1353 654 1405; x_wconf 92' lang='lat' dir='ltr'>et</span> <span class='ocrx_word' id='word_1_182' title='bbox 684 1353 800 1416; x_wconf 92' lang='lat' dir='ltr'>cetera,</span> <span class='ocrx_word' id='word_1_183' title='bbox 831 1344 1010 1405; x_wconf 91' lang='lat' dir='ltr'>secundum</span> <span class='ocrx_word' id='word_1_184' title='bbox 1041 1343 1187 1405; x_wconf 92' lang='lat' dir='ltr'>debitam</span> <span class='ocrx_word' id='word_1_185' title='bbox 1218 1343 1486 1405; x_wconf 89' lang='lat' dir='ltr'>consuetudinem</span> <span class='ocrx_word' id='word_1_186' title='bbox 1517 1340 1725 1421; x_wconf 89' lang='lat' dir='ltr'>ecclesiarum</span> <span class='ocrx_word' id='word_1_187' title='bbox 1750 1339 1823 1402; x_wconf 90' lang='lat' dir='ltr'>Cre-</span> 
     </span>
     <span class='ocr_line' id='line_1_16' title="bbox 155 1428 1823 1513; baseline -0.001 -22"><span class='ocrx_word' id='word_1_188' title='bbox 155 1431 323 1493; x_wconf 91' lang='lat' dir='ltr'>monensis</span> <span class='ocrx_word' id='word_1_189' title='bbox 346 1431 521 1512; x_wconf 86' lang='lat' dir='ltr'>episcopii;</span> <span class='ocrx_word' id='word_1_190' title='bbox 547 1440 670 1493; x_wconf 87' lang='lat' dir='ltr'>curtem</span> <span class='ocrx_word' id='word_1_191' title='bbox 693 1433 800 1506; x_wconf 92' lang='lat' dir='ltr'>etiam,</span> <span class='ocrx_word' id='word_1_192' title='bbox 826 1452 889 1513; x_wconf 93' lang='lat' dir='ltr'>que</span> <span class='ocrx_word' id='word_1_193' title='bbox 915 1433 1104 1494; x_wconf 92' lang='lat' dir='ltr'>Barrianum</span> <span class='ocrx_word' id='word_1_194' title='bbox 1129 1432 1253 1506; x_wconf 89' lang='lat' dir='ltr'>dicitur,</span> <span class='ocrx_word' id='word_1_195' title='bbox 1278 1442 1310 1494; x_wconf 92' lang='lat' dir='ltr'>et</span> <span class='ocrx_word' id='word_1_196' title='bbox 1334 1428 1486 1503; x_wconf 89' lang='lat' dir='ltr'>Maleum,</span> <span class='ocrx_word' id='word_1_197' title='bbox 1512 1429 1667 1503; x_wconf 86' lang='lat' dir='ltr'>Crottam</span> <span class='ocrx_word' id='word_1_198' title='bbox 1692 1429 1823 1491; x_wconf 88' lang='lat' dir='ltr'>Monto-</span> 
     </span>
     <span class='ocr_line' id='line_1_17' title="bbox 156 1518 1824 1599; baseline -0.001 -18"><span class='ocrx_word' id='word_1_199' title='bbox 156 1520 286 1594; x_wconf 90' lang='lat' dir='ltr'>danum,</span> <span class='ocrx_word' id='word_1_200' title='bbox 319 1518 533 1593; x_wconf 89' lang='lat' dir='ltr'>Rivaltellam,</span> <span class='ocrx_word' id='word_1_201' title='bbox 567 1521 816 1594; x_wconf 89' lang='lat' dir='ltr'>Monterionem,</span> <span class='ocrx_word' id='word_1_202' title='bbox 847 1521 1043 1596; x_wconf 89' lang='lat' dir='ltr'>lovisaltam,</span> <span class='ocrx_word' id='word_1_203' title='bbox 1074 1523 1271 1596; x_wconf 92' lang='lat' dir='ltr'>Fomovum,</span> <span class='ocrx_word' id='word_1_204' title='bbox 1305 1520 1495 1593; x_wconf 85' lang='lat' dir='ltr'>Sencinum,</span> <span class='ocrx_word' id='word_1_205' title='bbox 1526 1518 1693 1581; x_wconf 90' lang='lat' dir='ltr'>Platenam</span> <span class='ocrx_word' id='word_1_206' title='bbox 1725 1528 1824 1599; x_wconf 88' lang='lat' dir='ltr'>atque</span> 
     </span>
     <span class='ocr_line' id='line_1_18' title="bbox 156 1607 1823 1691; baseline -0.002 -20"><span class='ocrx_word' id='word_1_207' title='bbox 156 1607 373 1671; x_wconf 87' lang='lat' dir='ltr'>lllocianicam</span> <span class='ocrx_word' id='word_1_208' title='bbox 398 1629 472 1671; x_wconf 92' lang='lat' dir='ltr'>cum</span> <span class='ocrx_word' id='word_1_209' title='bbox 496 1610 608 1671; x_wconf 90' lang='lat' dir='ltr'>castris</span> <span class='ocrx_word' id='word_1_210' title='bbox 632 1620 664 1672; x_wconf 90' lang='lat' dir='ltr'>et</span> <span class='ocrx_word' id='word_1_211' title='bbox 687 1610 771 1672; x_wconf 93' lang='lat' dir='ltr'>villis</span> <span class='ocrx_word' id='word_1_212' title='bbox 794 1630 973 1691; x_wconf 92' lang='lat' dir='ltr'>eorumque</span> <span class='ocrx_word' id='word_1_213' title='bbox 996 1611 1207 1691; x_wconf 88' lang='lat' dir='ltr'>pertinentiis,</span> <span class='ocrx_word' id='word_1_214' title='bbox 1232 1618 1372 1672; x_wconf 89' lang='lat' dir='ltr'>castrum</span> <span class='ocrx_word' id='word_1_215' title='bbox 1396 1608 1437 1670; x_wconf 92' lang='lat' dir='ltr'>de</span> <span class='ocrx_word' id='word_1_216' title='bbox 1452 1608 1622 1688; x_wconf 84' lang='lat' dir='ltr'>Rivizingo</span> <span class='ocrx_word' id='word_1_217' title='bbox 1644 1626 1716 1669; x_wconf 93' lang='lat' dir='ltr'>cum</span> <span class='ocrx_word' id='word_1_218' title='bbox 1734 1608 1823 1669; x_wconf 93' lang='lat' dir='ltr'>omni</span> 
     </span>
     <span class='ocr_line' id='line_1_19' title="bbox 156 1696 1824 1779; baseline -0.001 -20"><span class='ocrx_word' id='word_1_219' title='bbox 156 1718 208 1759; x_wconf 90' lang='lat' dir='ltr'>sua</span> <span class='ocrx_word' id='word_1_220' title='bbox 232 1697 431 1779; x_wconf 87' lang='lat' dir='ltr'>integritate,</span> <span class='ocrx_word' id='word_1_221' title='bbox 460 1708 493 1760; x_wconf 92' lang='lat' dir='ltr'>et</span> <span class='ocrx_word' id='word_1_222' title='bbox 516 1708 643 1778; x_wconf 91' lang='lat' dir='ltr'>partem</span> <span class='ocrx_word' id='word_1_223' title='bbox 668 1698 699 1760; x_wconf 95' lang='lat' dir='ltr'>in</span> <span class='ocrx_word' id='word_1_224' title='bbox 724 1700 867 1761; x_wconf 91' lang='lat' dir='ltr'>curtibus</span> <span class='ocrx_word' id='word_1_225' title='bbox 890 1699 1050 1772; x_wconf 88' lang='lat' dir='ltr'>Gabiano,</span> <span class='ocrx_word' id='word_1_226' title='bbox 1073 1699 1262 1774; x_wconf 91' lang='lat' dir='ltr'>Vidolasco,</span> <span class='ocrx_word' id='word_1_227' title='bbox 1286 1698 1502 1770; x_wconf 90' lang='lat' dir='ltr'>Terciolasc0‚</span> <span class='ocrx_word' id='word_1_228' title='bbox 1526 1696 1660 1758; x_wconf 90' lang='lat' dir='ltr'>Publica</span> <span class='ocrx_word' id='word_1_229' title='bbox 1684 1697 1768 1758; x_wconf 93' lang='lat' dir='ltr'>intus</span> <span class='ocrx_word' id='word_1_230' title='bbox 1792 1706 1824 1758; x_wconf 92' lang='lat' dir='ltr'>et</span> 
     </span>
     <span class='ocr_line' id='line_1_20' title="bbox 156 1785 1824 1870; baseline -0.001 -21"><span class='ocrx_word' id='word_1_231' title='bbox 156 1798 255 1861; x_wconf 83' lang='lat' dir='ltr'>extra,</span> <span class='ocrx_word' id='word_1_232' title='bbox 280 1807 338 1849; x_wconf 90' lang='lat' dir='ltr'>seu</span> <span class='ocrx_word' id='word_1_233' title='bbox 362 1788 461 1849; x_wconf 91' lang='lat' dir='ltr'>etiam</span> <span class='ocrx_word' id='word_1_234' title='bbox 478 1787 510 1848; x_wconf 94' lang='lat' dir='ltr'>in</span> <span class='ocrx_word' id='word_1_235' title='bbox 526 1786 695 1862; x_wconf 89' lang='lat' dir='ltr'>Azane110‚</span> <span class='ocrx_word' id='word_1_236' title='bbox 719 1788 923 1863; x_wconf 86' lang='lat' dir='ltr'>Fontane110,</span> <span class='ocrx_word' id='word_1_237' title='bbox 947 1799 980 1851; x_wconf 92' lang='lat' dir='ltr'>et</span> <span class='ocrx_word' id='word_1_238' title='bbox 996 1808 1201 1870; x_wconf 90' lang='lat' dir='ltr'>quecumque</span> <span class='ocrx_word' id='word_1_239' title='bbox 1217 1789 1388 1869; x_wconf 91' lang='lat' dir='ltr'>prudentie</span> <span class='ocrx_word' id='word_1_240' title='bbox 1403 1797 1458 1849; x_wconf 89' lang='lat' dir='ltr'>tue</span> <span class='ocrx_word' id='word_1_241' title='bbox 1473 1785 1581 1848; x_wconf 87' lang='lat' dir='ltr'>studio</span> <span class='ocrx_word' id='word_1_242' title='bbox 1598 1786 1824 1866; x_wconf 89' lang='lat' dir='ltr'>prenominate</span> 
     </span>
     <span class='ocr_line' id='line_1_21' title="bbox 157 1875 1825 1960; baseline -0.001 -22"><span class='ocrx_word' id='word_1_243' title='bbox 157 1876 290 1960; x_wconf 75' lang='lat' dir='ltr'>ecclesie</span> <span class='ocrx_word' id='word_1_244' title='bbox 315 1877 397 1939; x_wconf 89' lang='lat' dir='ltr'>iuste</span> <span class='ocrx_word' id='word_1_245' title='bbox 421 1877 580 1956; x_wconf 87' lang='lat' dir='ltr'>acquisita</span> <span class='ocrx_word' id='word_1_246' title='bbox 601 1876 653 1938; x_wconf 93' lang='lat' dir='ltr'>vel</span> <span class='ocrx_word' id='word_1_247' title='bbox 677 1878 875 1958; x_wconf 89' lang='lat' dir='ltr'>acquirenda</span> <span class='ocrx_word' id='word_1_248' title='bbox 897 1888 980 1950; x_wconf 90' lang='lat' dir='ltr'>suut,</span> <span class='ocrx_word' id='word_1_249' title='bbox 1004 1878 1145 1958; x_wconf 88' lang='lat' dir='ltr'>presenti</span> <span class='ocrx_word' id='word_1_250' title='bbox 1170 1877 1351 1958; x_wconf 91' lang='lat' dir='ltr'>apostolice</span> <span class='ocrx_word' id='word_1_251' title='bbox 1373 1875 1549 1938; x_wconf 90' lang='lat' dir='ltr'>sanctionis</span> <span class='ocrx_word' id='word_1_252' title='bbox 1570 1881 1680 1936; x_wconf 88' lang='lat' dir='ltr'>nostre</span> <span class='ocrx_word' id='word_1_253' title='bbox 1703 1875 1825 1955; x_wconf 85' lang='lat' dir='ltr'>pagina</span> 
     </span>
     <span class='ocr_line' id='line_1_22' title="bbox 157 1962 1823 2047; baseline -0.002 -20"><span class='ocrx_word' id='word_1_254' title='bbox 157 1966 415 2027; x_wconf 89' lang='lat' dir='ltr'>corroboramus.</span> <span class='ocrx_word' id='word_1_255' title='bbox 460 1965 668 2027; x_wconf 85' lang='lat' dir='ltr'>investituras</span> <span class='ocrx_word' id='word_1_256' title='bbox 692 1986 823 2047; x_wconf 91' lang='lat' dir='ltr'>quoque</span> <span class='ocrx_word' id='word_1_257' title='bbox 847 1966 1018 2029; x_wconf 90' lang='lat' dir='ltr'>seodorum</span> <span class='ocrx_word' id='word_1_258' title='bbox 1049 1968 1081 2028; x_wconf 94' lang='lat' dir='ltr'>in</span> <span class='ocrx_word' id='word_1_259' title='bbox 1111 1976 1168 2027; x_wconf 93' lang='lat' dir='ltr'>tuo</span> <span class='ocrx_word' id='word_1_260' title='bbox 1200 1967 1408 2047; x_wconf 89' lang='lat' dir='ltr'>episcopatu,</span> <span class='ocrx_word' id='word_1_261' title='bbox 1440 1985 1459 2026; x_wconf 90' lang='lat' dir='ltr'>a</span> <span class='ocrx_word' id='word_1_262' title='bbox 1489 1963 1691 2045; x_wconf 89' lang='lat' dir='ltr'>presbiteris,</span> <span class='ocrx_word' id='word_1_263' title='bbox 1723 1962 1823 2025; x_wconf 91' lang='lat' dir='ltr'>archi·</span> 
     </span>
     <span class='ocr_line' id='line_1_23' title="bbox 157 2054 1823 2140; baseline -0.001 -24"><span class='ocrx_word' id='word_1_264' title='bbox 157 2054 345 2136; x_wconf 87' lang='lat' dir='ltr'>presbiteris</span> <span class='ocrx_word' id='word_1_265' title='bbox 367 2075 423 2116; x_wconf 92' lang='lat' dir='ltr'>seu</span> <span class='ocrx_word' id='word_1_266' title='bbox 449 2054 624 2116; x_wconf 90' lang='lat' dir='ltr'>abbatibus</span> <span class='ocrx_word' id='word_1_267' title='bbox 647 2055 710 2117; x_wconf 89' lang='lat' dir='ltr'>tuis</span> <span class='ocrx_word' id='word_1_268' title='bbox 735 2055 837 2118; x_wconf 87' lang='lat' dir='ltr'>lactas</span> <span class='ocrx_word' id='word_1_269' title='bbox 869 2055 1029 2118; x_wconf 90' lang='lat' dir='ltr'>debonis</span> <span class='ocrx_word' id='word_1_270' title='bbox 1052 2056 1260 2140; x_wconf 88' lang='lat' dir='ltr'>ecclesiarum</span> <span class='ocrx_word' id='word_1_271' title='bbox 1293 2056 1418 2135; x_wconf 91' lang='lat' dir='ltr'>absque</span> <span class='ocrx_word' id='word_1_272' title='bbox 1448 2063 1504 2115; x_wconf 91' lang='lat' dir='ltr'>tuo</span> <span class='ocrx_word' id='word_1_273' title='bbox 1528 2063 1722 2132; x_wconf 91' lang='lat' dir='ltr'>tuorumque</span> <span class='ocrx_word' id='word_1_274' title='bbox 1753 2072 1823 2132; x_wconf 91' lang='lat' dir='ltr'>pre·</span> 
     </span>
     <span class='ocr_line' id='line_1_24' title="bbox 157 2140 1823 2223; baseline -0.002 -17"><span class='ocrx_word' id='word_1_275' title='bbox 157 2145 364 2206; x_wconf 89' lang='lat' dir='ltr'>decessorum</span> <span class='ocrx_word' id='word_1_276' title='bbox 387 2142 524 2204; x_wconf 91' lang='lat' dir='ltr'>consilio</span> <span class='ocrx_word' id='word_1_277' title='bbox 546 2142 597 2205; x_wconf 90' lang='lat' dir='ltr'>vel</span> <span class='ocrx_word' id='word_1_278' title='bbox 621 2163 790 2219; x_wconf 89' lang='lat' dir='ltr'>consensu,</span> <span class='ocrx_word' id='word_1_279' title='bbox 816 2145 919 2207; x_wconf 91' lang='lat' dir='ltr'>irritas</span> <span class='ocrx_word' id='word_1_280' title='bbox 942 2164 1013 2207; x_wconf 91' lang='lat' dir='ltr'>esse</span> <span class='ocrx_word' id='word_1_281' title='bbox 1043 2145 1205 2207; x_wconf 91' lang='lat' dir='ltr'>sancimus</span> <span class='ocrx_word' id='word_1_282' title='bbox 1237 2155 1277 2218; x_wconf 75' lang='lat' dir='ltr'>et</span> <span class='ocrx_word' id='word_1_283' title='bbox 1303 2164 1343 2206; x_wconf 91' lang='lat' dir='ltr'>ne</span> <span class='ocrx_word' id='word_1_284' title='bbox 1376 2143 1531 2223; x_wconf 90' lang='lat' dir='ltr'>deinceps</span> <span class='ocrx_word' id='word_1_285' title='bbox 1562 2140 1746 2203; x_wconf 90' lang='lat' dir='ltr'>huiusmodi</span> <span class='ocrx_word' id='word_1_286' title='bbox 1778 2142 1823 2203; x_wconf 90' lang='lat' dir='ltr'>in-</span> 
     </span>
     <span class='ocr_line' id='line_1_25' title="bbox 156 2229 1822 2314; baseline -0.001 -20"><span class='ocrx_word' id='word_1_287' title='bbox 156 2234 308 2296; x_wconf 88' lang='lat' dir='ltr'>vestiture</span> <span class='ocrx_word' id='word_1_288' title='bbox 331 2231 420 2306; x_wconf 90' lang='lat' dir='ltr'>fiant,</span> <span class='ocrx_word' id='word_1_289' title='bbox 444 2231 637 2294; x_wconf 93' lang='lat' dir='ltr'>omnimodo</span> <span class='ocrx_word' id='word_1_290' title='bbox 661 2233 881 2314; x_wconf 89' lang='lat' dir='ltr'>prohibemus.</span> <span class='ocrx_word' id='word_1_291' title='bbox 921 2233 1139 2297; x_wconf 89' lang='lat' dir='ltr'>Concordiam</span> <span class='ocrx_word' id='word_1_292' title='bbox 1156 2255 1233 2296; x_wconf 92' lang='lat' dir='ltr'>vero</span> <span class='ocrx_word' id='word_1_293' title='bbox 1258 2233 1353 2306; x_wconf 91' lang='lat' dir='ltr'>illam,</span> <span class='ocrx_word' id='word_1_294' title='bbox 1379 2251 1476 2313; x_wconf 93' lang='lat' dir='ltr'>quam</span> <span class='ocrx_word' id='word_1_295' title='bbox 1494 2231 1577 2292; x_wconf 89' lang='lat' dir='ltr'>inter</span> <span class='ocrx_word' id='word_1_296' title='bbox 1595 2238 1629 2292; x_wconf 89' lang='lat' dir='ltr'>te</span> <span class='ocrx_word' id='word_1_297' title='bbox 1644 2241 1677 2292; x_wconf 94' lang='lat' dir='ltr'>et</span> <span class='ocrx_word' id='word_1_298' title='bbox 1692 2229 1822 2292; x_wconf 92' lang='lat' dir='ltr'>maioris</span> 
     </span>
     <span class='ocr_line' id='line_1_26' title="bbox 157 2315 1822 2406; baseline -0.003 -21"><span class='ocrx_word' id='word_1_299' title='bbox 157 2322 289 2406; x_wconf 74' lang='lat' dir='ltr'>ecclesie</span> <span class='ocrx_word' id='word_1_300' title='bbox 305 2320 542 2385; x_wconf 88' lang='lat' dir='ltr'>Cremonenses</span> <span class='ocrx_word' id='word_1_301' title='bbox 566 2322 743 2385; x_wconf 92' lang='lat' dir='ltr'>canonicos</span> <span class='ocrx_word' id='word_1_302' title='bbox 765 2323 978 2402; x_wconf 91' lang='lat' dir='ltr'>predecessor</span> <span class='ocrx_word' id='word_1_303' title='bbox 1000 2334 1112 2385; x_wconf 92' lang='lat' dir='ltr'>noster</span> <span class='ocrx_word' id='word_1_304' title='bbox 1133 2343 1222 2405; x_wconf 92' lang='lat' dir='ltr'>papa</span> <span class='ocrx_word' id='word_1_305' title='bbox 1244 2322 1390 2385; x_wconf 86' lang='lat' dir='ltr'>Calixtus</span> <span class='ocrx_word' id='word_1_306' title='bbox 1413 2320 1501 2382; x_wconf 91' lang='lat' dir='ltr'>bone</span> <span class='ocrx_word' id='word_1_307' title='bbox 1523 2320 1680 2382; x_wconf 91' lang='lat' dir='ltr'>memorie</span> <span class='ocrx_word' id='word_1_308' title='bbox 1704 2319 1780 2381; x_wconf 83' lang='lat' dir='ltr'>fecit</span> <span class='ocrx_word' id='word_1_309' title='bbox 1799 2315 1822 2401; x_wconf 83' lang='lat'>¹)</span> 
     </span>
     <span class='ocr_line' id='line_1_27' title="bbox 157 2410 1822 2493; baseline -0.002 -19"><span class='ocrx_word' id='word_1_310' title='bbox 157 2423 183 2474; x_wconf 90' lang='lat' dir='ltr'>et</span> <span class='ocrx_word' id='word_1_311' title='bbox 214 2422 286 2474; x_wconf 92' lang='lat' dir='ltr'>tam</span> <span class='ocrx_word' id='word_1_312' title='bbox 320 2411 406 2491; x_wconf 93' lang='lat' dir='ltr'>ipse,</span> <span class='ocrx_word' id='word_1_313' title='bbox 445 2429 543 2491; x_wconf 93' lang='lat' dir='ltr'>quam</span> <span class='ocrx_word' id='word_1_314' title='bbox 579 2420 691 2473; x_wconf 90' lang='lat' dir='ltr'>sancte</span> <span class='ocrx_word' id='word_1_315' title='bbox 729 2412 886 2474; x_wconf 89' lang='lat' dir='ltr'>memorie</span> <span class='ocrx_word' id='word_1_316' title='bbox 917 2432 1005 2493; x_wconf 92' lang='lat' dir='ltr'>pape</span> <span class='ocrx_word' id='word_1_317' title='bbox 1035 2411 1148 2474; x_wconf 89' lang='lat' dir='ltr'>Lutius</span> <span class='ocrx_word' id='word_1_318' title='bbox 1192 2412 1314 2493; x_wconf 90' lang='lat' dir='ltr'>scripto</span> <span class='ocrx_word' id='word_1_319' title='bbox 1354 2410 1510 2484; x_wconf 85' lang='lat' dir='ltr'>firmavit,</span> <span class='ocrx_word' id='word_1_320' title='bbox 1551 2419 1654 2471; x_wconf 91' lang='lat' dir='ltr'>ratam</span> <span class='ocrx_word' id='word_1_321' title='bbox 1690 2428 1822 2471; x_wconf 92' lang='lat' dir='ltr'>manere</span> 
     </span>
     <span class='ocr_line' id='line_1_28' title="bbox 158 2499 1822 2585; baseline -0.003 -21"><span class='ocrx_word' id='word_1_322' title='bbox 158 2519 342 2569; x_wconf 84' lang='lat' dir='ltr'>censemus,</span> <span class='ocrx_word' id='word_1_323' title='bbox 377 2510 413 2561; x_wconf 93' lang='lat' dir='ltr'>ut</span> <span class='ocrx_word' id='word_1_324' title='bbox 435 2499 587 2561; x_wconf 92' lang='lat' dir='ltr'>videlicet</span> <span class='ocrx_word' id='word_1_325' title='bbox 619 2499 723 2562; x_wconf 92' lang='lat' dir='ltr'>nullus</span> <span class='ocrx_word' id='word_1_326' title='bbox 747 2501 780 2562; x_wconf 91' lang='lat' dir='ltr'>in</span> <span class='ocrx_word' id='word_1_327' title='bbox 804 2501 917 2562; x_wconf 91' lang='lat' dir='ltr'>maiori</span> <span class='ocrx_word' id='word_1_328' title='bbox 941 2501 1079 2585; x_wconf 87' lang='lat' dir='ltr'>ecclesia</span> <span class='ocrx_word' id='word_1_329' title='bbox 1094 2502 1309 2564; x_wconf 91' lang='lat' dir='ltr'>constituatur</span> <span class='ocrx_word' id='word_1_330' title='bbox 1328 2499 1502 2562; x_wconf 90' lang='lat' dir='ltr'>canonicus</span> <span class='ocrx_word' id='word_1_331' title='bbox 1525 2508 1634 2579; x_wconf 89' lang='lat' dir='ltr'>preter</span> <span class='ocrx_word' id='word_1_332' title='bbox 1655 2517 1822 2560; x_wconf 86' lang='lat' dir='ltr'>assensum</span> 
     </span>
     <span class='ocr_line' id='line_1_29' title="bbox 157 2587 1823 2675; baseline -0.002 -23"><span class='ocrx_word' id='word_1_333' title='bbox 157 2601 183 2652; x_wconf 88' lang='lat' dir='ltr'>et</span> <span class='ocrx_word' id='word_1_334' title='bbox 205 2588 415 2652; x_wconf 91' lang='lat' dir='ltr'>voluntatem</span> <span class='ocrx_word' id='word_1_335' title='bbox 437 2589 593 2670; x_wconf 90' lang='lat' dir='ltr'>episcopi,</span> <span class='ocrx_word' id='word_1_336' title='bbox 626 2589 689 2669; x_wconf 91' lang='lat' dir='ltr'>qui,</span> <span class='ocrx_word' id='word_1_337' title='bbox 719 2590 801 2652; x_wconf 91' lang='lat' dir='ltr'>sicut</span> <span class='ocrx_word' id='word_1_338' title='bbox 824 2589 959 2675; x_wconf 73' lang='lat' dir='ltr'>ecclesie</span> <span class='ocrx_word' id='word_1_339' title='bbox 983 2600 1082 2672; x_wconf 89' lang='lat' dir='ltr'>caput</span> <span class='ocrx_word' id='word_1_340' title='bbox 1104 2600 1161 2664; x_wconf 88' lang='lat' dir='ltr'>est,</span> <span class='ocrx_word' id='word_1_341' title='bbox 1195 2591 1239 2652; x_wconf 90' lang='lat' dir='ltr'>ita</span> <span class='ocrx_word' id='word_1_342' title='bbox 1261 2589 1412 2652; x_wconf 89' lang='lat' dir='ltr'>voluntas</span> <span class='ocrx_word' id='word_1_343' title='bbox 1444 2588 1512 2650; x_wconf 94' lang='lat' dir='ltr'>eius</span> <span class='ocrx_word' id='word_1_344' title='bbox 1544 2598 1577 2650; x_wconf 91' lang='lat' dir='ltr'>et</span> <span class='ocrx_word' id='word_1_345' title='bbox 1608 2587 1689 2648; x_wconf 88' lang='lat' dir='ltr'>ratio</span> <span class='ocrx_word' id='word_1_346' title='bbox 1722 2587 1823 2649; x_wconf 89' lang='lat' dir='ltr'>debet</span> 
     </span>
     <span class='ocr_line' id='line_1_30' title="bbox 157 2675 1821 2760; baseline -0.003 -18"><span class='ocrx_word' id='word_1_347' title='bbox 157 2679 342 2760; x_wconf 89' lang='lat' dir='ltr'>precedere.</span> <span class='ocrx_word' id='word_1_348' title='bbox 389 2677 544 2741; x_wconf 88' lang='lat' dir='ltr'>Canonici</span> <span class='ocrx_word' id='word_1_349' title='bbox 568 2678 727 2759; x_wconf 92' lang='lat' dir='ltr'>episcopo</span> <span class='ocrx_word' id='word_1_350' title='bbox 750 2679 975 2741; x_wconf 89' lang='lat' dir='ltr'>obedientiam</span> <span class='ocrx_word' id='word_1_351' title='bbox 998 2680 1031 2741; x_wconf 92' lang='lat' dir='ltr'>in</span> <span class='ocrx_word' id='word_1_352' title='bbox 1062 2699 1159 2740; x_wconf 89' lang='lat' dir='ltr'>manu</span> <span class='ocrx_word' id='word_1_353' title='bbox 1190 2680 1258 2742; x_wconf 93' lang='lat' dir='ltr'>eius</span> <span class='ocrx_word' id='word_1_354' title='bbox 1290 2678 1483 2758; x_wconf 88' lang='lat' dir='ltr'>promittant</span> <span class='ocrx_word' id='word_1_355' title='bbox 1513 2686 1546 2738; x_wconf 91' lang='lat' dir='ltr'>et</span> <span class='ocrx_word' id='word_1_356' title='bbox 1579 2685 1721 2738; x_wconf 83' lang='lat' dir='ltr'>teneant</span> <span class='ocrx_word' id='word_1_357' title='bbox 1765 2675 1821 2737; x_wconf 88' lang='lat' dir='ltr'>Ad</span> 
     </span>
     <span class='ocr_line' id='line_1_31' title="bbox 158 2763 1821 2852; baseline -0.002 -23"><span class='ocrx_word' id='word_1_358' title='bbox 158 2787 303 2831; x_wconf 89' lang='lat' dir='ltr'>mensam</span> <span class='ocrx_word' id='word_1_359' title='bbox 323 2769 355 2843; x_wconf 70' lang='lat'>⁸)</span> <span class='ocrx_word' id='word_1_360' title='bbox 379 2767 620 2840; x_wconf 89' lang='lat' dir='ltr'>canonicorum,</span> <span class='ocrx_word' id='word_1_361' title='bbox 644 2769 777 2847; x_wconf 93' lang='lat' dir='ltr'>quando</span> <span class='ocrx_word' id='word_1_362' title='bbox 802 2788 876 2830; x_wconf 89' lang='lat' dir='ltr'>cum</span> <span class='ocrx_word' id='word_1_363' title='bbox 900 2768 1066 2831; x_wconf 90' lang='lat' dir='ltr'>canonicis</span> <span class='ocrx_word' id='word_1_364' title='bbox 1090 2763 1346 2852; x_wconf 83' lang='lat' dir='ltr'>com&lt;m)ederit,</span> <span class='ocrx_word' id='word_1_365' title='bbox 1372 2785 1445 2828; x_wconf 89' lang='lat' dir='ltr'>cum</span> <span class='ocrx_word' id='word_1_366' title='bbox 1469 2786 1534 2828; x_wconf 93' lang='lat' dir='ltr'>uno</span> <span class='ocrx_word' id='word_1_367' title='bbox 1558 2765 1675 2827; x_wconf 90' lang='lat' dir='ltr'>clerico</span> <span class='ocrx_word' id='word_1_368' title='bbox 1700 2773 1733 2827; x_wconf 92' lang='lat' dir='ltr'>et</span> <span class='ocrx_word' id='word_1_369' title='bbox 1755 2784 1821 2826; x_wconf 93' lang='lat' dir='ltr'>uno</span> 
     </span>
     <span class='ocr_line' id='line_1_32' title="bbox 157 2853 1821 2938; baseline -0.002 -18"><span class='ocrx_word' id='word_1_370' title='bbox 157 2859 315 2920; x_wconf 87' lang='lat' dir='ltr'>serviente</span> <span class='ocrx_word' id='word_1_371' title='bbox 339 2855 390 2918; x_wconf 94' lang='lat' dir='ltr'>vel</span> <span class='ocrx_word' id='word_1_372' title='bbox 413 2875 486 2918; x_wconf 92' lang='lat' dir='ltr'>cum</span> <span class='ocrx_word' id='word_1_373' title='bbox 510 2855 639 2917; x_wconf 90' lang='lat' dir='ltr'>duobus</span> <span class='ocrx_word' id='word_1_374' title='bbox 662 2856 785 2918; x_wconf 92' lang='lat' dir='ltr'>clericis</span> <span class='ocrx_word' id='word_1_375' title='bbox 814 2857 924 2919; x_wconf 90' lang='lat' dir='ltr'>veniat</span> <span class='ocrx_word' id='word_1_376' title='bbox 954 2867 987 2919; x_wconf 94' lang='lat' dir='ltr'>et</span> <span class='ocrx_word' id='word_1_377' title='bbox 1016 2868 1173 2938; x_wconf 90' lang='lat' dir='ltr'>tanquam</span> <span class='ocrx_word' id='word_1_378' title='bbox 1196 2857 1370 2938; x_wconf 90' lang='lat' dir='ltr'>episcopus</span> <span class='ocrx_word' id='word_1_379' title='bbox 1393 2854 1578 2917; x_wconf 89' lang='lat' dir='ltr'>honoretur.</span> <span class='ocrx_word' id='word_1_380' title='bbox 1623 2855 1676 2915; x_wconf 90' lang='lat' dir='ltr'>De</span> <span class='ocrx_word' id='word_1_381' title='bbox 1706 2853 1821 2916; x_wconf 91' lang='lat' dir='ltr'>altario</span> 
     </span>
     <span class='ocr_line' id='line_1_33' title="bbox 157 2942 1821 3027; baseline -0.004 -17"><span class='ocrx_word' id='word_1_382' title='bbox 157 2949 255 3010; x_wconf 89' lang='lat' dir='ltr'>sancti</span> <span class='ocrx_word' id='word_1_383' title='bbox 271 2945 397 3008; x_wconf 87' lang='lat' dir='ltr'>Ymerii</span> <span class='ocrx_word' id='word_1_384' title='bbox 413 2964 545 3007; x_wconf 91' lang='lat' dir='ltr'>omnem</span> <span class='ocrx_word' id='word_1_385' title='bbox 561 2944 764 3008; x_wconf 88' lang='lat' dir='ltr'>oblationem</span> <span class='ocrx_word' id='word_1_386' title='bbox 780 2946 915 3027; x_wconf 89' lang='lat' dir='ltr'>recipiat</span> <span class='ocrx_word' id='word_1_387' title='bbox 939 2956 1047 3027; x_wconf 88' lang='lat' dir='ltr'>preter</span> <span class='ocrx_word' id='word_1_388' title='bbox 1062 2946 1199 3020; x_wconf 90' lang='lat' dir='ltr'>edenda,</span> <span class='ocrx_word' id='word_1_389' title='bbox 1223 2966 1286 3027; x_wconf 94' lang='lat' dir='ltr'>que</span> <span class='ocrx_word' id='word_1_390' title='bbox 1303 2945 1345 3006; x_wconf 88' lang='lat' dir='ltr'>ad</span> <span class='ocrx_word' id='word_1_391' title='bbox 1361 2945 1481 3025; x_wconf 91' lang='lat' dir='ltr'>pedem</span> <span class='ocrx_word' id='word_1_392' title='bbox 1505 2943 1613 3005; x_wconf 89' lang='lat' dir='ltr'>altaris</span> <span class='ocrx_word' id='word_1_393' title='bbox 1637 2942 1821 3017; x_wconf 80' lang='lat' dir='ltr'>offeruntur,</span> 
     </span>
     <span class='ocr_line' id='line_1_34' title="bbox 158 3032 1821 3117; baseline -0.005 -16"><span class='ocrx_word' id='word_1_394' title='bbox 158 3048 184 3100; x_wconf 89' lang='lat' dir='ltr'>et</span> <span class='ocrx_word' id='word_1_395' title='bbox 207 3059 248 3100; x_wconf 91' lang='lat' dir='ltr'>ea</span> <span class='ocrx_word' id='word_1_396' title='bbox 272 3035 316 3098; x_wconf 93' lang='lat' dir='ltr'>ad</span> <span class='ocrx_word' id='word_1_397' title='bbox 340 3054 433 3096; x_wconf 93' lang='lat' dir='ltr'>usum</span> <span class='ocrx_word' id='word_1_398' title='bbox 455 3034 685 3096; x_wconf 89' lang='lat' dir='ltr'>canonicorum</span> <span class='ocrx_word' id='word_1_399' title='bbox 710 3045 917 3109; x_wconf 89' lang='lat' dir='ltr'>reserventur,</span> <span class='ocrx_word' id='word_1_400' title='bbox 949 3046 982 3098; x_wconf 96' lang='lat' dir='ltr'>et</span> <span class='ocrx_word' id='word_1_401' title='bbox 1011 3046 1120 3117; x_wconf 89' lang='lat' dir='ltr'>preter</span> <span class='ocrx_word' id='word_1_402' title='bbox 1142 3035 1352 3097; x_wconf 90' lang='lat' dir='ltr'>medietatem</span> <span class='ocrx_word' id='word_1_403' title='bbox 1377 3053 1449 3096; x_wconf 89' lang='lat' dir='ltr'>cere</span> <span class='ocrx_word' id='word_1_404' title='bbox 1472 3043 1504 3095; x_wconf 90' lang='lat' dir='ltr'>et</span> <span class='ocrx_word' id='word_1_405' title='bbox 1528 3033 1658 3106; x_wconf 90' lang='lat' dir='ltr'>incensi,</span> <span class='ocrx_word' id='word_1_406' title='bbox 1690 3051 1752 3112; x_wconf 92' lang='lat' dir='ltr'>que</span> <span class='ocrx_word' id='word_1_407' title='bbox 1776 3032 1821 3093; x_wconf 93' lang='lat' dir='ltr'>ibi</span> 
     </span>
     <span class='ocr_line' id='line_1_35' title="bbox 157 3121 1822 3209; baseline -0.004 -20"><span class='ocrx_word' id='word_1_408' title='bbox 157 3126 341 3200; x_wconf 80' lang='lat' dir='ltr'>offeruntur,</span> <span class='ocrx_word' id='word_1_409' title='bbox 372 3142 436 3203; x_wconf 90' lang='lat' dir='ltr'>que</span> <span class='ocrx_word' id='word_1_410' title='bbox 468 3122 510 3185; x_wconf 92' lang='lat' dir='ltr'>ad</span> <span class='ocrx_word' id='word_1_411' title='bbox 541 3123 677 3209; x_wconf 75' lang='lat' dir='ltr'>ecclesie</span> <span class='ocrx_word' id='word_1_412' title='bbox 707 3124 871 3186; x_wconf 91' lang='lat' dir='ltr'>servitium</span> <span class='ocrx_word' id='word_1_413' title='bbox 904 3132 1113 3187; x_wconf 90' lang='lat' dir='ltr'>reserventur.</span> <span class='ocrx_word' id='word_1_414' title='bbox 1158 3122 1449 3197; x_wconf 89' lang='lat' dir='ltr'>Archidiaconum,</span> <span class='ocrx_word' id='word_1_415' title='bbox 1482 3131 1650 3183; x_wconf 93' lang='lat' dir='ltr'>cantorem</span> <span class='ocrx_word' id='word_1_416' title='bbox 1681 3130 1714 3182; x_wconf 91' lang='lat' dir='ltr'>et</span> <span class='ocrx_word' id='word_1_417' title='bbox 1743 3121 1822 3183; x_wconf 88' lang='lat' dir='ltr'>alias</span> 
     </span>
     <span class='ocr_line' id='line_1_36' title="bbox 157 3209 1822 3297; baseline -0.004 -19"><span class='ocrx_word' id='word_1_418' title='bbox 157 3234 313 3297; x_wconf 89' lang='lat' dir='ltr'>personas</span> <span class='ocrx_word' id='word_1_419' title='bbox 352 3213 527 3294; x_wconf 92' lang='lat' dir='ltr'>episcopus</span> <span class='ocrx_word' id='word_1_420' title='bbox 556 3232 715 3274; x_wconf 91' lang='lat' dir='ltr'>consensu</span> <span class='ocrx_word' id='word_1_421' title='bbox 745 3214 978 3275; x_wconf 90' lang='lat' dir='ltr'>canonicorum</span> <span class='ocrx_word' id='word_1_422' title='bbox 1008 3214 1193 3275; x_wconf 91' lang='lat' dir='ltr'>constituat.</span> <span class='ocrx_word' id='word_1_423' title='bbox 1245 3211 1425 3292; x_wconf 74' lang='lat' dir='ltr'>Ecclesiam</span> <span class='ocrx_word' id='word_1_424' title='bbox 1455 3210 1558 3272; x_wconf 92' lang='lat' dir='ltr'>sancti</span> <span class='ocrx_word' id='word_1_425' title='bbox 1591 3209 1759 3272; x_wconf 86' lang='lat' dir='ltr'>Michaelis</span> <span class='ocrx_word' id='word_1_426' title='bbox 1790 3221 1822 3272; x_wconf 93' lang='lat' dir='ltr'>et</span> 
     </span>
     <span class='ocr_line' id='line_1_37' title="bbox 156 3299 1821 3386; baseline -0.004 -19"><span class='ocrx_word' id='word_1_427' title='bbox 156 3305 268 3386; x_wconf 89' lang='lat' dir='ltr'>predia</span> <span class='ocrx_word' id='word_1_428' title='bbox 292 3312 325 3366; x_wconf 93' lang='lat' dir='ltr'>et</span> <span class='ocrx_word' id='word_1_429' title='bbox 347 3302 581 3382; x_wconf 90' lang='lat' dir='ltr'>possessiones,</span> <span class='ocrx_word' id='word_1_430' title='bbox 614 3321 695 3382; x_wconf 88' lang='lat' dir='ltr'>quas</span> <span class='ocrx_word' id='word_1_431' title='bbox 718 3303 893 3383; x_wconf 90' lang='lat' dir='ltr'>episcopus</span> <span class='ocrx_word' id='word_1_432' title='bbox 916 3322 976 3383; x_wconf 93' lang='lat' dir='ltr'>per</span> <span class='ocrx_word' id='word_1_433' title='bbox 997 3302 1135 3364; x_wconf 93' lang='lat' dir='ltr'>idoneos</span> <span class='ocrx_word' id='word_1_434' title='bbox 1159 3309 1258 3364; x_wconf 89' lang='lat' dir='ltr'>testes</span> <span class='ocrx_word' id='word_1_435' title='bbox 1289 3301 1421 3383; x_wconf 90' lang='lat' dir='ltr'>proprie</span> <span class='ocrx_word' id='word_1_436' title='bbox 1450 3300 1491 3361; x_wconf 89' lang='lat' dir='ltr'>ad</span> <span class='ocrx_word' id='word_1_437' title='bbox 1524 3299 1728 3379; x_wconf 90' lang='lat' dir='ltr'>episcopium</span> <span class='ocrx_word' id='word_1_438' title='bbox 1751 3319 1821 3380; x_wconf 93' lang='lat' dir='ltr'>per·</span> 
     </span>
     <span class='ocr_line' id='line_1_38' title="bbox 156 3387 1821 3474; baseline -0.004 -20"><span class='ocrx_word' id='word_1_439' title='bbox 156 3395 254 3456; x_wconf 88' lang='lat' dir='ltr'>tinere</span> <span class='ocrx_word' id='word_1_440' title='bbox 279 3391 477 3474; x_wconf 83' lang='lat' dir='ltr'>probaverit,</span> <span class='ocrx_word' id='word_1_441' title='bbox 510 3391 619 3470; x_wconf 93' lang='lat' dir='ltr'>quiete</span> <span class='ocrx_word' id='word_1_442' title='bbox 648 3390 850 3472; x_wconf 85' lang='lat' dir='ltr'>pacificeque</span> <span class='ocrx_word' id='word_1_443' title='bbox 873 3392 1030 3453; x_wconf 89' lang='lat' dir='ltr'>obtineat.</span> <span class='ocrx_word' id='word_1_444' title='bbox 1075 3391 1118 3453; x_wconf 87' lang='lat' dir='ltr'>Et</span> <span class='ocrx_word' id='word_1_445' title='bbox 1143 3392 1218 3472; x_wconf 92' lang='lat' dir='ltr'>quia</span> <span class='ocrx_word' id='word_1_446' title='bbox 1242 3391 1389 3453; x_wconf 91' lang='lat' dir='ltr'>canonici</span> <span class='ocrx_word' id='word_1_447' title='bbox 1414 3390 1557 3460; x_wconf 92' lang='lat' dir='ltr'>domum,</span> <span class='ocrx_word' id='word_1_448' title='bbox 1591 3389 1623 3449; x_wconf 94' lang='lat' dir='ltr'>in</span> <span class='ocrx_word' id='word_1_449' title='bbox 1655 3407 1720 3468; x_wconf 93' lang='lat' dir='ltr'>qua</span> <span class='ocrx_word' id='word_1_450' title='bbox 1743 3387 1821 3449; x_wconf 90' lang='lat' dir='ltr'>olim</span> 
     </span>
     <span class='ocr_line' id='line_1_39' title="bbox 156 3476 1820 3565; baseline -0.004 -20"><span class='ocrx_word' id='word_1_451' title='bbox 156 3482 391 3552; x_wconf 85' lang='lat' dir='ltr'>habitaverant,</span> <span class='ocrx_word' id='word_1_452' title='bbox 423 3479 466 3541; x_wconf 92' lang='lat' dir='ltr'>ad</span> <span class='ocrx_word' id='word_1_453' title='bbox 489 3479 710 3560; x_wconf 88' lang='lat' dir='ltr'>ampliendam</span> <span class='ocrx_word' id='word_1_454' title='bbox 733 3480 905 3565; x_wconf 87' lang='lat' dir='ltr'>ecclesiam</span> <span class='ocrx_word' id='word_1_455' title='bbox 928 3491 1167 3559; x_wconf 86' lang='lat' dir='ltr'>concesserunt,</span> <span class='ocrx_word' id='word_1_456' title='bbox 1201 3481 1344 3551; x_wconf 89' lang='lat' dir='ltr'>domum,</span> <span class='ocrx_word' id='word_1_457' title='bbox 1378 3480 1409 3540; x_wconf 96' lang='lat' dir='ltr'>in</span> <span class='ocrx_word' id='word_1_458' title='bbox 1441 3497 1506 3558; x_wconf 90' lang='lat' dir='ltr'>qua</span> <span class='ocrx_word' id='word_1_459' title='bbox 1537 3477 1638 3539; x_wconf 90' lang='lat' dir='ltr'>modo</span> <span class='ocrx_word' id='word_1_460' title='bbox 1662 3476 1820 3551; x_wconf 90' lang='lat' dir='ltr'>habitant,</span> 
     </span>
     <span class='ocr_line' id='line_1_40' title="bbox 157 3566 1819 3650; baseline -0.004 -18"><span class='ocrx_word' id='word_1_461' title='bbox 157 3571 227 3635; x_wconf 91' lang='lat' dir='ltr'>licet</span> <span class='ocrx_word' id='word_1_462' title='bbox 241 3572 319 3634; x_wconf 93' lang='lat' dir='ltr'>iuris</span> <span class='ocrx_word' id='word_1_463' title='bbox 335 3568 483 3650; x_wconf 91' lang='lat' dir='ltr'>episcopi</span> <span class='ocrx_word' id='word_1_464' title='bbox 501 3569 603 3642; x_wconf 83' lang='lat' dir='ltr'>luerit,</span> <span class='ocrx_word' id='word_1_465' title='bbox 624 3589 685 3650; x_wconf 94' lang='lat' dir='ltr'>pro</span> <span class='ocrx_word' id='word_1_466' title='bbox 701 3569 878 3631; x_wconf 91' lang='lat' dir='ltr'>concordia</span> <span class='ocrx_word' id='word_1_467' title='bbox 893 3579 1003 3631; x_wconf 89' lang='lat' dir='ltr'>tamen</span> <span class='ocrx_word' id='word_1_468' title='bbox 1020 3579 1052 3631; x_wconf 92' lang='lat' dir='ltr'>et</span> <span class='ocrx_word' id='word_1_469' title='bbox 1069 3571 1202 3631; x_wconf 88' lang='lat' dir='ltr'>caritate</span> <span class='ocrx_word' id='word_1_470' title='bbox 1219 3569 1373 3649; x_wconf 90' lang='lat' dir='ltr'>deinceps</span> <span class='ocrx_word' id='word_1_471' title='bbox 1390 3568 1431 3629; x_wconf 88' lang='lat' dir='ltr'>ad</span> <span class='ocrx_word' id='word_1_472' title='bbox 1448 3566 1630 3628; x_wconf 90' lang='lat' dir='ltr'>communis</span> <span class='ocrx_word' id='word_1_473' title='bbox 1645 3566 1711 3627; x_wconf 91' lang='lat' dir='ltr'>vite</span> <span class='ocrx_word' id='word_1_474' title='bbox 1727 3584 1819 3626; x_wconf 92' lang='lat' dir='ltr'>usum</span> 
     </span>
     <span class='ocr_line' id='line_1_41' title="bbox 158 3655 1821 3739; baseline -0.005 -15"><span class='ocrx_word' id='word_1_475' title='bbox 158 3672 186 3723; x_wconf 87' lang='lat' dir='ltr'>et</span> <span class='ocrx_word' id='word_1_476' title='bbox 207 3657 490 3724; x_wconf 90' lang='lat' dir='ltr'>cohabitationem</span> <span class='ocrx_word' id='word_1_477' title='bbox 514 3657 675 3720; x_wconf 89' lang='lat' dir='ltr'>retineant</span> <span class='ocrx_word' id='word_1_478' title='bbox 697 3668 730 3720; x_wconf 93' lang='lat' dir='ltr'>et</span> <span class='ocrx_word' id='word_1_479' title='bbox 752 3658 908 3739; x_wconf 75' lang='lat' dir='ltr'>hospites</span> <span class='ocrx_word' id='word_1_480' title='bbox 933 3657 1065 3739; x_wconf 93' lang='lat' dir='ltr'>quando</span> <span class='ocrx_word' id='word_1_481' title='bbox 1081 3658 1250 3732; x_wconf 90' lang='lat' dir='ltr'>voluerint,</span> <span class='ocrx_word' id='word_1_482' title='bbox 1268 3659 1299 3719; x_wconf 93' lang='lat' dir='ltr'>in</span> <span class='ocrx_word' id='word_1_483' title='bbox 1316 3678 1355 3719; x_wconf 94' lang='lat' dir='ltr'>ea</span> <span class='ocrx_word' id='word_1_484' title='bbox 1377 3657 1542 3737; x_wconf 90' lang='lat' dir='ltr'>recipiant,</span> <span class='ocrx_word' id='word_1_485' title='bbox 1566 3655 1655 3717; x_wconf 92' lang='lat' dir='ltr'>salva</span> <span class='ocrx_word' id='word_1_486' title='bbox 1672 3656 1821 3716; x_wconf 93' lang='lat' dir='ltr'>nimirum</span> 
     </span>
     <span class='ocr_line' id='line_1_42' title="bbox 159 3743 1821 3832; baseline -0.004 -21"><span class='ocrx_word' id='word_1_487' title='bbox 159 3751 187 3812; x_wconf 93' lang='lat' dir='ltr'>in</span> <span class='ocrx_word' id='word_1_488' title='bbox 208 3750 365 3812; x_wconf 87' lang='lat' dir='ltr'>omnibus</span> <span class='ocrx_word' id='word_1_489' title='bbox 387 3748 580 3809; x_wconf 88' lang='lat' dir='ltr'>auctoritate</span> <span class='ocrx_word' id='word_1_490' title='bbox 602 3758 714 3810; x_wconf 89' lang='lat' dir='ltr'>sancte</span> <span class='ocrx_word' id='word_1_491' title='bbox 730 3746 878 3810; x_wconf 92' lang='lat' dir='ltr'>Romane</span> <span class='ocrx_word' id='word_1_492' title='bbox 895 3747 1039 3832; x_wconf 74' lang='lat' dir='ltr'>ecclesie.</span> <span class='ocrx_word' id='word_1_493' title='bbox 1085 3747 1120 3810; x_wconf 87' lang='lat' dir='ltr'>Si</span> <span class='ocrx_word' id='word_1_494' title='bbox 1138 3767 1203 3827; x_wconf 89' lang='lat' dir='ltr'>qua</span> <span class='ocrx_word' id='word_1_495' title='bbox 1221 3743 1250 3828; x_wconf 82' lang='lat' dir='ltr'>b)</span> <span class='ocrx_word' id='word_1_496' title='bbox 1270 3747 1366 3826; x_wconf 83' lang='lat' dir='ltr'>igitur</span> <span class='ocrx_word' id='word_1_497' title='bbox 1386 3746 1418 3807; x_wconf 95' lang='lat' dir='ltr'>in</span> <span class='ocrx_word' id='word_1_498' title='bbox 1441 3745 1581 3806; x_wconf 81' lang='lat' dir='ltr'>futurum</span> <span class='ocrx_word' id='word_1_499' title='bbox 1605 3743 1821 3826; x_wconf 87' lang='lat' dir='ltr'>ecclesiastice</span> 
     </span>
     <span class='ocr_line' id='line_1_43' title="bbox 160 3833 1822 3918; baseline -0.004 -16"><span class='ocrx_word' id='word_1_500' title='bbox 160 3838 346 3902; x_wconf 87' lang='lat' dir='ltr'>secularisve</span> <span class='ocrx_word' id='word_1_501' title='bbox 361 3855 510 3918; x_wconf 90' lang='lat' dir='ltr'>persona,</span> <span class='ocrx_word' id='word_1_502' title='bbox 534 3834 619 3897; x_wconf 92' lang='lat' dir='ltr'>hanc</span> <span class='ocrx_word' id='word_1_503' title='bbox 642 3846 751 3898; x_wconf 91' lang='lat' dir='ltr'>nostre</span> <span class='ocrx_word' id='word_1_504' title='bbox 775 3837 1015 3898; x_wconf 89' lang='lat' dir='ltr'>constitutionis</span> <span class='ocrx_word' id='word_1_505' title='bbox 1038 3837 1193 3917; x_wconf 88' lang='lat' dir='ltr'>paginam</span> <span class='ocrx_word' id='word_1_506' title='bbox 1217 3836 1330 3910; x_wconf 91' lang='lat' dir='ltr'>sciens,</span> <span class='ocrx_word' id='word_1_507' title='bbox 1354 3845 1468 3897; x_wconf 89' lang='lat' dir='ltr'>contra</span> <span class='ocrx_word' id='word_1_508' title='bbox 1487 3853 1560 3895; x_wconf 87' lang='lat' dir='ltr'>eam</span> <span class='ocrx_word' id='word_1_509' title='bbox 1575 3843 1698 3895; x_wconf 90' lang='lat' dir='ltr'>temere</span> <span class='ocrx_word' id='word_1_510' title='bbox 1712 3833 1822 3896; x_wconf 90' lang='lat' dir='ltr'>venire</span> 
     </span>
     <span class='ocr_line' id='line_1_44' title="bbox 162 3923 1454 4010; baseline -0.003 -20"><span class='ocrx_word' id='word_1_511' title='bbox 162 3929 395 4010; x_wconf 88' lang='lat' dir='ltr'>temptaverit.</span> <span class='ocrx_word' id='word_1_512' title='bbox 421 3972 428 3986; x_wconf 89' lang='lat'><strong><em>.</em></strong></span> <span class='ocrx_word' id='word_1_513' title='bbox 454 3972 461 3984; x_wconf 89' lang='lat'><strong>.</strong></span> <span class='ocrx_word' id='word_1_514' title='bbox 486 3923 619 3987; x_wconf 90' lang='lat' dir='ltr'>Cunctis</span> <span class='ocrx_word' id='word_1_515' title='bbox 643 3935 751 3988; x_wconf 87' lang='lat' dir='ltr'>autem</span> <span class='ocrx_word' id='word_1_516' title='bbox 776 3973 783 3986; x_wconf 95' lang='lat'>.</span> <span class='ocrx_word' id='word_1_517' title='bbox 808 3971 815 3985; x_wconf 93' lang='lat'><em>.</em></span> <span class='ocrx_word' id='word_1_518' title='bbox 840 3974 847 3987; x_wconf 84' lang='lat'><strong>.</strong></span> <span class='ocrx_word' id='word_1_519' title='bbox 871 3925 1045 3987; x_wconf 90' lang='lat' dir='ltr'>inveniant.</span> <span class='ocrx_word' id='word_1_520' title='bbox 1093 3924 1211 3987; x_wconf 90' lang='lat' dir='ltr'>Amen.</span> <span class='ocrx_word' id='word_1_521' title='bbox 1236 3924 1312 3987; x_wconf 85' lang='lat' dir='ltr'>Am.</span> <span class='ocrx_word' id='word_1_522' title='bbox 1335 3923 1454 3986; x_wconf 90' lang='lat' dir='ltr'>Amen.</span> 
     </span>
     <span class='ocr_line' id='line_1_45' title="bbox 367 4009 1400 4097; baseline 0 -22"><span class='ocrx_word' id='word_1_523' title='bbox 367 4011 423 4093; x_wconf 84' lang='lat' dir='ltr'>(R)</span> <span class='ocrx_word' id='word_1_524' title='bbox 446 4013 520 4094; x_wconf 87' lang='lat' dir='ltr'>Ego</span> <span class='ocrx_word' id='word_1_525' title='bbox 544 4012 709 4076; x_wconf 88' lang='lat' dir='ltr'>Adrianus</span> <span class='ocrx_word' id='word_1_526' title='bbox 732 4013 893 4076; x_wconf 90' lang='lat' dir='ltr'>catholice</span> <span class='ocrx_word' id='word_1_527' title='bbox 916 4013 1051 4096; x_wconf 90' lang='lat' dir='ltr'>ecclesie</span> <span class='ocrx_word' id='word_1_528' title='bbox 1074 4015 1249 4094; x_wconf 89' lang='lat' dir='ltr'>episcopus</span> <span class='ocrx_word' id='word_1_529' title='bbox 1272 4034 1313 4076; x_wconf 91' lang='lat' dir='ltr'>ss.</span> <span class='ocrx_word' id='word_1_530' title='bbox 1338 4009 1400 4097; x_wconf 83' lang='lat' dir='ltr'>(M)</span> 
     </span>
     <span class='ocr_line' id='line_1_46' title="bbox 366 4100 1458 4184; baseline 0.001 -21"><span class='ocrx_word' id='word_1_531' title='bbox 366 4102 387 4182; x_wconf 85' lang='lat'>†</span> <span class='ocrx_word' id='word_1_532' title='bbox 411 4100 483 4183; x_wconf 86' lang='lat' dir='ltr'>Ego</span> <span class='ocrx_word' id='word_1_533' title='bbox 507 4103 616 4166; x_wconf 90' lang='lat' dir='ltr'>Guido</span> <span class='ocrx_word' id='word_1_534' title='bbox 640 4103 802 4184; x_wconf 90' lang='lat' dir='ltr'>presbiter</span> <span class='ocrx_word' id='word_1_535' title='bbox 824 4102 997 4165; x_wconf 87' lang='lat' dir='ltr'>cardinalis</span> <span class='ocrx_word' id='word_1_536' title='bbox 1020 4104 1068 4165; x_wconf 91' lang='lat' dir='ltr'>tit.</span> <span class='ocrx_word' id='word_1_537' title='bbox 1092 4104 1195 4165; x_wconf 90' lang='lat' dir='ltr'>sancti</span> <span class='ocrx_word' id='word_1_538' title='bbox 1220 4103 1393 4183; x_wconf 84' lang='lat' dir='ltr'>Grisogoni</span> <span class='ocrx_word' id='word_1_539' title='bbox 1417 4123 1458 4164; x_wconf 82' lang='lat' dir='ltr'>ss</span> 
     </span>
     <span class='ocr_line' id='line_1_47' title="bbox 366 4188 1510 4273; baseline 0 -21"><span class='ocrx_word' id='word_1_540' title='bbox 366 4188 387 4268; x_wconf 84' lang='lat'><strong>†</strong></span> <span class='ocrx_word' id='word_1_541' title='bbox 410 4189 483 4271; x_wconf 86' lang='lat' dir='ltr'>Ego</span> <span class='ocrx_word' id='word_1_542' title='bbox 506 4191 680 4254; x_wconf 88' lang='lat' dir='ltr'>Hubaldus</span> <span class='ocrx_word' id='word_1_543' title='bbox 702 4191 865 4273; x_wconf 89' lang='lat' dir='ltr'>presbiter</span> <span class='ocrx_word' id='word_1_544' title='bbox 887 4190 1060 4254; x_wconf 89' lang='lat' dir='ltr'>cardinalis</span> <span class='ocrx_word' id='word_1_545' title='bbox 1083 4192 1131 4253; x_wconf 94' lang='lat' dir='ltr'>tit.</span> <span class='ocrx_word' id='word_1_546' title='bbox 1154 4202 1267 4254; x_wconf 91' lang='lat' dir='ltr'>sancte</span> <span class='ocrx_word' id='word_1_547' title='bbox 1290 4191 1446 4254; x_wconf 85' lang='lat' dir='ltr'>Praxedis</span> <span class='ocrx_word' id='word_1_548' title='bbox 1469 4211 1510 4252; x_wconf 89' lang='lat' dir='ltr'>ss.</span> 
     </span>
     <span class='ocr_line' id='line_1_48' title="bbox 364 4279 1412 4362; baseline -0.001 -20"><span class='ocrx_word' id='word_1_549' title='bbox 364 4279 385 4356; x_wconf 87' lang='lat'>†</span> <span class='ocrx_word' id='word_1_550' title='bbox 407 4280 480 4361; x_wconf 83' lang='lat' dir='ltr'>Ego</span> <span class='ocrx_word' id='word_1_551' title='bbox 504 4280 600 4343; x_wconf 93' lang='lat' dir='ltr'>Iulius</span> <span class='ocrx_word' id='word_1_552' title='bbox 624 4281 785 4362; x_wconf 91' lang='lat' dir='ltr'>presbiter</span> <span class='ocrx_word' id='word_1_553' title='bbox 806 4281 980 4343; x_wconf 88' lang='lat' dir='ltr'>cardinalis</span> <span class='ocrx_word' id='word_1_554' title='bbox 1003 4282 1050 4343; x_wconf 93' lang='lat' dir='ltr'>tit.</span> <span class='ocrx_word' id='word_1_555' title='bbox 1074 4281 1178 4343; x_wconf 90' lang='lat' dir='ltr'>sancti</span> <span class='ocrx_word' id='word_1_556' title='bbox 1203 4280 1346 4343; x_wconf 88' lang='lat' dir='ltr'>Marcelli</span> <span class='ocrx_word' id='word_1_557' title='bbox 1371 4301 1412 4342; x_wconf 91' lang='lat' dir='ltr'>ss.</span> 
     </span>
     <span class='ocr_line' id='line_1_49' title="bbox 365 4365 1710 4451; baseline -0.002 -19"><span class='ocrx_word' id='word_1_558' title='bbox 365 4365 385 4449; x_wconf 83' lang='lat'><strong>†</strong></span> <span class='ocrx_word' id='word_1_559' title='bbox 408 4369 481 4450; x_wconf 87' lang='lat' dir='ltr'>Ego</span> <span class='ocrx_word' id='word_1_560' title='bbox 505 4369 678 4432; x_wconf 90' lang='lat' dir='ltr'>Hubaldus</span> <span class='ocrx_word' id='word_1_561' title='bbox 699 4370 861 4451; x_wconf 91' lang='lat' dir='ltr'>presbiter</span> <span class='ocrx_word' id='word_1_562' title='bbox 883 4369 1055 4432; x_wconf 88' lang='lat' dir='ltr'>cardinalis</span> <span class='ocrx_word' id='word_1_563' title='bbox 1077 4371 1125 4431; x_wconf 91' lang='lat' dir='ltr'>tit.</span> <span class='ocrx_word' id='word_1_564' title='bbox 1149 4379 1261 4432; x_wconf 89' lang='lat' dir='ltr'>sancte</span> <span class='ocrx_word' id='word_1_565' title='bbox 1284 4369 1394 4432; x_wconf 89' lang='lat' dir='ltr'>Crucis</span> <span class='ocrx_word' id='word_1_566' title='bbox 1418 4370 1450 4430; x_wconf 94' lang='lat' dir='ltr'>in</span> <span class='ocrx_word' id='word_1_567' title='bbox 1474 4369 1646 4432; x_wconf 90' lang='lat' dir='ltr'>Ierusalem</span> <span class='ocrx_word' id='word_1_568' title='bbox 1669 4390 1710 4430; x_wconf 90' lang='lat' dir='ltr'>ss.</span> 
     </span>
     <span class='ocr_line' id='line_1_50' title="bbox 364 4456 1530 4540; baseline 0 -21"><span class='ocrx_word' id='word_1_569' title='bbox 364 4457 385 4537; x_wconf 85' lang='lat'>†</span> <span class='ocrx_word' id='word_1_570' title='bbox 408 4456 480 4539; x_wconf 86' lang='lat' dir='ltr'>Ego</span> <span class='ocrx_word' id='word_1_571' title='bbox 504 4458 688 4521; x_wconf 90' lang='lat' dir='ltr'>Bernardus</span> <span class='ocrx_word' id='word_1_572' title='bbox 711 4459 874 4540; x_wconf 90' lang='lat' dir='ltr'>presbiter</span> <span class='ocrx_word' id='word_1_573' title='bbox 896 4458 1068 4520; x_wconf 88' lang='lat' dir='ltr'>cardinalis</span> <span class='ocrx_word' id='word_1_574' title='bbox 1091 4459 1139 4521; x_wconf 89' lang='lat' dir='ltr'>tit.</span> <span class='ocrx_word' id='word_1_575' title='bbox 1163 4459 1266 4520; x_wconf 89' lang='lat' dir='ltr'>sancti</span> <span class='ocrx_word' id='word_1_576' title='bbox 1291 4458 1467 4521; x_wconf 89' lang='lat' dir='ltr'>Clementis</span> <span class='ocrx_word' id='word_1_577' title='bbox 1490 4479 1530 4520; x_wconf 92' lang='lat' dir='ltr'>ss.</span> 
     </span>
     <span class='ocr_line' id='line_1_51' title="bbox 365 4546 1496 4629; baseline -0.001 -20"><span class='ocrx_word' id='word_1_578' title='bbox 365 4546 385 4626; x_wconf 85' lang='lat'>†</span> <span class='ocrx_word' id='word_1_579' title='bbox 408 4546 481 4627; x_wconf 86' lang='lat' dir='ltr'>Ego</span> <span class='ocrx_word' id='word_1_580' title='bbox 506 4547 705 4611; x_wconf 92' lang='lat' dir='ltr'>Octavianus</span> <span class='ocrx_word' id='word_1_581' title='bbox 728 4548 890 4629; x_wconf 89' lang='lat' dir='ltr'>presbiter</span> <span class='ocrx_word' id='word_1_582' title='bbox 912 4547 1084 4609; x_wconf 89' lang='lat' dir='ltr'>cardinalis</span> <span class='ocrx_word' id='word_1_583' title='bbox 1107 4548 1154 4610; x_wconf 94' lang='lat' dir='ltr'>tit.</span> <span class='ocrx_word' id='word_1_584' title='bbox 1178 4559 1290 4609; x_wconf 90' lang='lat' dir='ltr'>sancte</span> <span class='ocrx_word' id='word_1_585' title='bbox 1314 4547 1433 4610; x_wconf 89' lang='lat' dir='ltr'>Cecilie</span> <span class='ocrx_word' id='word_1_586' title='bbox 1455 4568 1496 4610; x_wconf 90' lang='lat' dir='ltr'>ss.</span> 
     </span>
     <span class='ocr_line' id='line_1_52' title="bbox 365 4633 1821 4718; baseline -0.003 -20"><span class='ocrx_word' id='word_1_587' title='bbox 365 4634 385 4718; x_wconf 86' lang='lat'>†</span> <span class='ocrx_word' id='word_1_588' title='bbox 408 4633 481 4717; x_wconf 82' lang='lat' dir='ltr'>Ego</span> <span class='ocrx_word' id='word_1_589' title='bbox 505 4636 667 4699; x_wconf 89' lang='lat' dir='ltr'>Gerardus</span> <span class='ocrx_word' id='word_1_590' title='bbox 699 4637 861 4717; x_wconf 89' lang='lat' dir='ltr'>presbiter</span> <span class='ocrx_word' id='word_1_591' title='bbox 890 4636 1063 4699; x_wconf 89' lang='lat' dir='ltr'>cardinalis</span> <span class='ocrx_word' id='word_1_592' title='bbox 1085 4637 1133 4697; x_wconf 86' lang='lat' dir='ltr'>tit.</span> <span class='ocrx_word' id='word_1_593' title='bbox 1156 4638 1259 4698; x_wconf 91' lang='lat' dir='ltr'>sancti</span> <span class='ocrx_word' id='word_1_594' title='bbox 1283 4635 1442 4718; x_wconf 89' lang='lat' dir='ltr'>Stephani</span> <span class='ocrx_word' id='word_1_595' title='bbox 1473 4637 1506 4698; x_wconf 93' lang='lat' dir='ltr'>in</span> <span class='ocrx_word' id='word_1_596' title='bbox 1531 4635 1621 4699; x_wconf 89' lang='lat' dir='ltr'>Celio</span> <span class='ocrx_word' id='word_1_597' title='bbox 1646 4643 1757 4697; x_wconf 92' lang='lat' dir='ltr'>monte</span> <span class='ocrx_word' id='word_1_598' title='bbox 1781 4654 1821 4695; x_wconf 89' lang='lat' dir='ltr'>ss.</span> 
     </span>
     <span class='ocr_line' id='line_1_53' title="bbox 366 4721 1714 4806; baseline 0 -19"><span class='ocrx_word' id='word_1_599' title='bbox 366 4721 387 4805; x_wconf 85' lang='lat'><em>†</em></span> <span class='ocrx_word' id='word_1_600' title='bbox 411 4725 484 4805; x_wconf 86' lang='lat' dir='ltr'>Ego</span> <span class='ocrx_word' id='word_1_601' title='bbox 507 4724 668 4788; x_wconf 91' lang='lat' dir='ltr'>lohannes</span> <span class='ocrx_word' id='word_1_602' title='bbox 692 4725 854 4806; x_wconf 92' lang='lat' dir='ltr'>presbiter</span> <span class='ocrx_word' id='word_1_603' title='bbox 876 4725 1049 4787; x_wconf 87' lang='lat' dir='ltr'>cardinalis</span> <span class='ocrx_word' id='word_1_604' title='bbox 1071 4725 1119 4787; x_wconf 71' lang='lat' dir='ltr'>tit⁴</span> <span class='ocrx_word' id='word_1_605' title='bbox 1143 4734 1329 4787; x_wconf 90' lang='lat' dir='ltr'>sanctorum</span> <span class='ocrx_word' id='word_1_606' title='bbox 1353 4724 1483 4788; x_wconf 91' lang='lat' dir='ltr'>Ioannis</span> <span class='ocrx_word' id='word_1_607' title='bbox 1507 4735 1539 4787; x_wconf 92' lang='lat' dir='ltr'>et</span> <span class='ocrx_word' id='word_1_608' title='bbox 1562 4725 1650 4788; x_wconf 92' lang='lat' dir='ltr'>Pauli</span> <span class='ocrx_word' id='word_1_609' title='bbox 1674 4745 1714 4787; x_wconf 90' lang='lat' dir='ltr'>ss.</span> 
     </span>
     <span class='ocr_line' id='line_1_54' title="bbox 365 4814 1759 4895; baseline -0.002 -19"><span class='ocrx_word' id='word_1_610' title='bbox 365 4848 410 4858; x_wconf 90' lang='lat'>—</span> <span class='ocrx_word' id='word_1_611' title='bbox 431 4814 452 4894; x_wconf 85' lang='lat'><strong>†</strong></span> <span class='ocrx_word' id='word_1_612' title='bbox 474 4814 548 4895; x_wconf 87' lang='lat' dir='ltr'>Ego</span> <span class='ocrx_word' id='word_1_613' title='bbox 572 4814 673 4877; x_wconf 92' lang='lat' dir='ltr'>Oddo</span> <span class='ocrx_word' id='word_1_614' title='bbox 697 4815 854 4876; x_wconf 90' lang='lat' dir='ltr'>diaconus</span> <span class='ocrx_word' id='word_1_615' title='bbox 877 4814 1049 4876; x_wconf 89' lang='lat' dir='ltr'>cardinalis</span> <span class='ocrx_word' id='word_1_616' title='bbox 1073 4815 1175 4876; x_wconf 89' lang='lat' dir='ltr'>sancti</span> <span class='ocrx_word' id='word_1_617' title='bbox 1200 4815 1331 4895; x_wconf 88' lang='lat' dir='ltr'>Georgii</span> <span class='ocrx_word' id='word_1_618' title='bbox 1356 4814 1399 4875; x_wconf 91' lang='lat' dir='ltr'>ad</span> <span class='ocrx_word' id='word_1_619' title='bbox 1421 4814 1539 4876; x_wconf 90' lang='lat' dir='ltr'>Velum</span> <span class='ocrx_word' id='word_1_620' title='bbox 1564 4833 1696 4876; x_wconf 89' lang='lat' dir='ltr'>aureum</span> <span class='ocrx_word' id='word_1_621' title='bbox 1718 4833 1759 4874; x_wconf 90' lang='lat' dir='ltr'>ss.</span> 
     </span>
     <span class='ocr_line' id='line_1_55' title="bbox 365 4899 1527 4985; baseline 0.002 -23"><span class='ocrx_word' id='word_1_622' title='bbox 365 4902 386 4985; x_wconf 81' lang='lat'><strong>†</strong></span> <span class='ocrx_word' id='word_1_623' title='bbox 409 4899 482 4983; x_wconf 86' lang='lat' dir='ltr'>Ego</span> <span class='ocrx_word' id='word_1_624' title='bbox 505 4902 615 4966; x_wconf 91' lang='lat' dir='ltr'>Guido</span> <span class='ocrx_word' id='word_1_625' title='bbox 640 4903 797 4965; x_wconf 89' lang='lat' dir='ltr'>diaconus</span> <span class='ocrx_word' id='word_1_626' title='bbox 820 4904 993 4966; x_wconf 91' lang='lat' dir='ltr'>cardinalis</span> <span class='ocrx_word' id='word_1_627' title='bbox 1016 4909 1128 4965; x_wconf 86' lang='lat' dir='ltr'>sancte</span> <span class='ocrx_word' id='word_1_628' title='bbox 1152 4903 1254 4965; x_wconf 89' lang='lat' dir='ltr'>Marie</span> <span class='ocrx_word' id='word_1_629' title='bbox 1279 4904 1310 4964; x_wconf 93' lang='lat' dir='ltr'>in</span> <span class='ocrx_word' id='word_1_630' title='bbox 1334 4904 1462 4965; x_wconf 91' lang='lat' dir='ltr'>Porticu</span> <span class='ocrx_word' id='word_1_631' title='bbox 1486 4925 1527 4966; x_wconf 90' lang='lat' dir='ltr'>ss.</span> 
     </span>
     <span class='ocr_line' id='line_1_56' title="bbox 311 4990 1821 5077; baseline -0.001 -22"><span class='ocrx_word' id='word_1_632' title='bbox 311 4993 388 5055; x_wconf 91' lang='lat' dir='ltr'>Dat.</span> <span class='ocrx_word' id='word_1_633' title='bbox 404 4991 592 5065; x_wconf 91' lang='lat' dir='ltr'>Beneventi,</span> <span class='ocrx_word' id='word_1_634' title='bbox 615 5013 675 5073; x_wconf 93' lang='lat' dir='ltr'>per</span> <span class='ocrx_word' id='word_1_635' title='bbox 690 5012 822 5054; x_wconf 90' lang='lat' dir='ltr'>manum</span> <span class='ocrx_word' id='word_1_636' title='bbox 837 4992 990 5067; x_wconf 90' lang='lat' dir='ltr'>Rolandi,</span> <span class='ocrx_word' id='word_1_637' title='bbox 1014 5001 1126 5054; x_wconf 89' lang='lat' dir='ltr'>sancte</span> <span class='ocrx_word' id='word_1_638' title='bbox 1141 4992 1291 5054; x_wconf 89' lang='lat' dir='ltr'>Romane</span> <span class='ocrx_word' id='word_1_639' title='bbox 1307 4992 1443 5077; x_wconf 89' lang='lat' dir='ltr'>ecclesie</span> <span class='ocrx_word' id='word_1_640' title='bbox 1461 4992 1631 5074; x_wconf 87' lang='lat' dir='ltr'>presbiteri</span> <span class='ocrx_word' id='word_1_641' title='bbox 1649 4990 1821 5056; x_wconf 87' lang='lat' dir='ltr'>cardinalis</span> 
     </span>
    </p>
   </div>
   <div class='ocr_carea' id='block_1_2' title="bbox 311 5262 1065 5333">
    <p class='ocr_par' dir='ltr' id='par_1_2' title="bbox 311 5262 1065 5333">
     <span class='ocr_line' id='line_1_57' title="bbox 311 5262 1065 5333; baseline 0.001 -20"><span class='ocrx_word' id='word_1_642' title='bbox 311 5267 337 5332; x_wconf 79' lang='grc' dir='ltr'>ι)</span> <span class='ocrx_word' id='word_1_643' title='bbox 356 5279 470 5314; x_wconf 87' lang='lat' dir='ltr'>mensem</span> <span class='ocrx_word' id='word_1_644' title='bbox 542 5262 572 5330; x_wconf 89' lang='lat' dir='ltr'>b)</span> <span class='ocrx_word' id='word_1_645' title='bbox 590 5280 659 5330; x_wconf 82' lang='lat' dir='ltr'>quas.</span> <span class='ocrx_word' id='word_1_646' title='bbox 679 5302 731 5311; x_wconf 70' lang='lat'><em>-</em></span> <span class='ocrx_word' id='word_1_647' title='bbox 751 5265 788 5331; x_wconf 87' lang='lat'>.1)</span> <span class='ocrx_word' id='word_1_648' title='bbox 809 5262 889 5333; x_wconf 80' lang='lat' dir='ltr'>Jaffe&#39;,</span> <span class='ocrx_word' id='word_1_649' title='bbox 908 5267 967 5331; x_wconf 78' lang='lat' dir='ltr'>Reg.</span> <span class='ocrx_word' id='word_1_650' title='bbox 987 5267 1065 5314; x_wconf 78' lang='lat'>5174,</span> 
     </span>
    </p>
   </div>
   <div class='ocr_carea' id='block_1_3' title="bbox 0 0 1996 6194">
    <p class='ocr_par' dir='ltr' id='par_1_3' title="bbox 0 0 1996 6194">
     <span class='ocr_line' id='line_1_58' title="bbox 0 0 1996 6194; baseline 0 0"><span class='ocrx_word' id='word_1_651' title='bbox 0 0 1996 6194; x_wconf 95' lang='lat' dir='ltr'> </span> 
     </span>
    </p>
   </div>
  </div>
 </body>
</html>
