3974 6188
992 431 1059 506 Nr.
1089 435 1151 508 84.

243 579 359 663 Eugen
381 578 447 643 III
470 581 649 665 verwillzgt
672 581 745 645 dem
770 579 900 644 Kloster
927 579 1029 645 Santra
1052 582 1166 647 Maria
1188 582 1227 645 di
1255 581 1406 645 Montano
1427 580 1487 660 (D.
1517 577 1644 659 Coma),
1674 579 1753 645 dass
1783 602 1817 644 es
1847 600 1907 642 von

241 670 304 733 den
326 667 388 733 mit
407 670 536 752 egenen
561 668 678 734 Kosten
699 670 1333 844 αιιεζεῂἰίινίεηῖνιΙΙΞῙύΞΙΙῑεΙΙαιΙΙΙΙΙίεεὶηιηη
1364 669 1562 749 leierfutter
1586 669 1677 733 keine
1702 669 1847 734 Zelrnten
1868 690 1907 733 zu

843 894 929 954 1147
950 894 1048 958 Miirz
1069 897 1103 958 2.
1159 891 1303 958 Vercellr'.

402 1026 570 1107 EUgenius
593 1027 776 1108 episcopus,
809 1047 918 1090 servus
941 1049 1106 1091 servorum
1131 1029 1192 1102 dei,
1224 1028 1349 1090 dilectis
1373 1027 1405 1089 in
1429 1025 1559 1090 Christo
1582 1026 1718 1102 filiabus,
1742 1024 1907 1111 Zacharie,

243 1115 408 1201 abbatisse
432 1116 619 1178 monasterii
636 1116 731 1198 beate
749 1115 851 1202 Marie
872 1114 876 1200 Ι
898 1117 939 1180 de
955 1119 1124 1192 Montano,
1150 1118 1283 1198 eiusque
1304 1116 1470 1179 sororibus
1485 1118 1623 1179 salutem
1640 1126 1673 1179 et
1689 1115 1908 1198 apostolicam

243 1204 517 1267 benedictionem.
563 1204 696 1284 Quanto
713 1204 871 1268 femineus
886 1227 982 1269 sexus
999 1215 1090 1269 extat
1113 1206 1264 1288 fragilior,
1288 1214 1381 1268 tanto
1402 1207 1407 1286 Ι
1428 1206 1512 1268 circa
1534 1226 1594 1268 vos
1618 1206 1774 1268 maiorem
1790 1203 1907 1265 sollici·

243 1293 388 1355 tudinem
412 1303 445 1356 et
468 1293 707 1375 providentiam
730 1314 790 1357 nos
814 1297 966 1358 convenit
989 1296 1152 1359 exhibere.
1200 1295 1363 1375 Quocirca
1385 1295 1473 1357 beati
1494 1295 1642 1376 Gregorii
1667 1294 1908 1373 multorumque

242 1382 466 1444 Romanorum
482 1383 674 1464 pontificum
691 1383 942 1464 auctoritate(m)
964 1395 1138 1466 sequentes
1153 1396 1252 1466 atque
1268 1386 1342 1466 paci
1358 1394 1390 1446 et
1405 1384 1629 1464 tranquillitati
1644 1394 1751 1469 vestre
1770 1391 1908 1462 paterna

242 1470 459 1533 sollicitudine
490 1472 662 1552 providere
691 1474 846 1548 volentes,
877 1475 1060 1550 statuimus,
1090 1495 1131 1536 ne
1163 1475 1204 1536 de
1226 1473 1401 1547 laboribus
1436 1493 1519 1553 quos
1550 1472 1690 1554 propriis
1721 1469 1907 1551 sumptibus

243 1559 356 1634 colitis,
380 1561 448 1623 sive
472 1560 513 1622 de
536 1562 739 1623 nutrimentis
761 1569 941 1624 vestrorum
964 1563 1152 1625 animalium
1175 1563 1257 1625 ullus
1280 1564 1414 1626 omnino
1431 1561 1599 1623 hominum
1616 1581 1635 1623 a
1650 1561 1745 1624 vobis
1762 1560 1907 1621 decimas

242 1648 372 1729 exigere
405 1660 579 1730 presumat.
625 1649 741 1729 Quod,
781 1652 807 1712 si
838 1652 909 1732 quis
940 1653 1110 1715 temerario
1143 1674 1220 1715 ausu
1252 1661 1447 1732 attemptare
1478 1651 1728 1732 presumpserit,
1760 1648 1906 1734 secundo

241 1738 379 1800 tertiove
401 1740 627 1814 commonitus
650 1741 676 1802 si
700 1760 766 1802 non
790 1751 914 1802 reatum
929 1761 1021 1804 suum
1038 1761 1181 1823 congrua
1196 1740 1418 1804 satisfactione
1439 1740 1623 1814 correxerit,
1646 1739 1905 1821 indignationem

241 1827 475 1919 omnipotentis
491 1828 543 1890 dei
560 1838 592 1890 et
612 1824 617 1912 Ι
637 1829 808 1892 beatorum
823 1829 908 1891 Petri
925 1841 957 1893 et
972 1831 1072 1906 Pauli,
1096 1830 1320 1912 apostolorum
1336 1831 1413 1906 eius,
1437 1850 1472 1892 se
1488 1829 1616 1891 noverit
1635 1827 1847 1891 incursurum.
1866 1859 1904 1871 -

242 1915 318 1977 Dat.
340 1917 506 1991 Vercellis,
529 1930 566 1980 Vl
589 1918 674 1980 Non.
696 1915 701 2001 Ι
723 1918 839 1981 Martii.
861 1918 906 1963 ’-

405 2029 446 2078 Or.
465 2030 499 2078 im
516 2030 629 2080 Archr'mb
647 2031 674 2080 di
691 2031 758 2080 State
773 2048 803 2080 au
822 2031 944 2082 Mailand.

402 2101 471 2167 Perg.
489 2101 550 2161 ital„
568 2103 603 2150 br.
623 2105 707 2162 0‚175,
725 2105 786 2169 lang
803 2105 869 2163 0,13,
888 2112 962 2154 unten
979 2105 1056 2163 0,018
1074 2103 1260 2170 umgrsclrlagen‚
1279 2102 1358 2151 durch
1376 2101 1433 2151 arvei
1448 2102 1543 2151 Lhcher
1555 2102 1617 2167 ging
1636 2100 1673 2150 die
1691 2099 1797 2158 Schera,
1822 2097 1908 2148 welche

242 2171 286 2218 mit
302 2171 354 2220 dem
372 2172 450 2237 Siegel
463 2175 577 2223 verlorern
614 2174 722 2240 Fallung
745 2175 788 2223 der
807 2176 909 2226 Breven.
949 2176 1016 2225 Olane
1032 2176 1120 2224 Lr'rrien
1139 2174 1294 2240 geschricbm.
1331 2174 1460 2240 Datimng
1482 2190 1531 2222 von
1554 2173 1658 2222 andem
1673 2172 1749 2221 Dinte
1773 2172 1830 2219 und
1845 2169 1911 2219 wohl

241 2243 303 2292 auch
320 2242 400 2293 Hand
414 2246 451 2293 als
468 2245 512 2293 der
528 2245 704 2310 Hauptkdrper.
740 2247 796 2295 Mar
866 2247 885 2296 ti
954 2248 971 2299 i.
992 2275 1024 2284 —
1044 2247 1116 2295 istro
1133 2246 1395 2312 morimrrdergeaogm,
1414 2246 1472 2295 dass
1488 2261 1511 2295 cs
1527 2246 1577 2294 eine
1591 2259 1667 2311 gome
1685 2243 1747 2293 Zeilc
1755 2243 1831 2307 fulli.

993 2545 1059 2621 Nr.
1091 2549 1152 2622 85.

242 2679 355 2762 Eugen
380 2678 445 2743 III
466 2680 583 2742 nr'mmt
607 2679 668 2743 das
693 2677 824 2743 Kloster
845 2676 1239 2743 St.·Maurice·en-Valais
1270 2678 1330 2760 (D.
1354 2677 1446 2766 Sr'on)
1479 2681 1513 2744 in
1541 2677 1769 2764 apostolr'sclun
1792 2676 1909 2741 §churz

641 2769 710 2832 und
729 2769 878 2852 bestdtr'gt
897 2767 967 2833 r'lzm
991 2766 1226 2832 Besr'tztln'r'mer
1246 2769 1316 2832 und
1336 2769 1452 2834 Rechte
1469 2771 1506 2855 ¹).

867 2903 953 2964 1147
974 2902 1072 2965 Mdrz
1087 2904 1144 2964 22.
1182 2901 1277 2984 Lyon.

399 3036 564 3115 Eugenius
579 3036 762 3117 episcopus,
784 3056 894 3098 servus
909 3057 1075 3098 servorum
1096 3037 1158 3112 dei,
1183 3035 1308 3098 dilectis
1323 3035 1396 3098 filiis
1413 3036 1554 3118 Hugoni,
1571 3036 1683 3099 abbati
1699 3035 1911 3117 Agaunensis

242 3123 377 3185 ecclesie
391 3124 478 3186 beati
496 3125 642 3187 Mauricii
660 3125 805 3200 martiris,
831 3127 963 3208 eiusque
985 3125 1144 3201 fratribus,
1169 3136 1235 3188 tarn
1251 3125 1458 3206 presentibus
1474 3146 1572 3208 quam
1590 3125 1711 3201 futuris,
1727 3125 1910 3206 regularem

241 3213 342 3274 vitam
366 3213 528 3293 professis,
559 3215 591 3276 in
619 3225 821 3295 perpetuum.
868 3215 1032 3296 Quoniam
1056 3216 1125 3277 sine
1148 3234 1223 3277 vere
1246 3215 1333 3276 cultu
1363 3214 1527 3294 religionis
1551 3234 1612 3276 nec
1635 3214 1779 3277 caritatis
1803 3216 1911 3278 unitas

240 3310 351 3382 potest
380 3303 553 3365 subsistere
585 3324 645 3365 nec
680 3303 743 3365 deo
775 3314 903 3385 gratum
934 3304 1080 3367 exhiberi
1111 3304 1296 3378 servicium,
1336 3303 1471 3384 expedit
1502 3304 1683 3385 apostolice
1714 3306 1910 3379 auctoritati,

241 3390 406 3471 religiosas
429 3412 585 3473 personas
609 3392 742 3474 diligere
765 3400 799 3455 et
825 3414 936 3456 earum
967 3394 1076 3474 quieti,
1109 3392 1285 3455 auxiliante
1309 3391 1454 3468 domino,
1487 3393 1667 3474 providere.
1712 3392 1910 3475 Eapropter,

240 3479 348 3541 dilecti
377 3481 409 3541 in
442 3481 576 3543 domino
606 3480 672 3556 filii,
703 3482 816 3544 vestris
849 3482 938 3545 iustis
967 3481 1243 3563 postulationibus
1274 3481 1450 3544 clementer
1479 3483 1650 3545 annuimus
1680 3491 1714 3545 et
1744 3480 1910 3562 prefatam

240 3568 418 3642 ecclesiam,
441 3570 474 3631 in
497 3588 562 3650 qua
584 3569 694 3632 divino
717 3572 890 3652 mancipati
912 3573 990 3634 estis
1013 3571 1185 3650 obsequio,
1215 3570 1277 3633 sub
1300 3570 1388 3633 beati
1406 3569 1493 3633 Pe'tri
1516 3579 1550 3632 et
1572 3578 1683 3632 nostra
1699 3573 1911 3652 protectione

239 3660 441 3739 suscepimus
464 3667 498 3720 et
524 3659 682 3741 presentis
711 3660 821 3741 scripti
845 3660 1014 3742 privilegio
1038 3661 1284 3723 communimus.
1329 3658 1366 3720 ln
1389 3659 1501 3741 primis
1524 3660 1687 3741 siquidem
1716 3667 1906 3737 statuentes,

241 3754 276 3807 ut
306 3745 389 3809 ordo
420 3749 592 3810 canonicus
624 3749 803 3812 secundum
833 3749 921 3812 beati
945 3747 1118 3830 Augustini
1149 3749 1293 3829 regulam
1317 3750 1485 3829 perpetuis
1508 3748 1553 3811 ibi
1576 3748 1781 3831 temporibus
1804 3750 1906 3813 invio·

240 3834 377 3898 labiliter
399 3847 617 3900 conservetur.
660 3838 797 3920 Insuper
818 3837 1041 3919 prohibentes,
1064 3845 1099 3900 ut
1123 3837 1227 3900 nullus
1250 3839 1488 3919 preposituram
1513 3838 1613 3919 ipsius
1636 3837 1781 3913 ecclesie,
1805 3857 1905 3918 quam

239 3924 358 3987 nobilis
387 3927 436 3988 vir
458 3927 627 3990 Amedeus
658 3947 769 3990 comes
799 3947 859 4009 pro
890 3927 1124 4010 redempcione
1153 3929 1261 3990 anime
1293 3945 1351 3988 sue
1373 3927 1465 3989 vobis
1493 3926 1643 4000 reddidit,
1674 3928 1829 3989 invadere
1851 3928 1905 3991 vel

240 4013 365 4077 auferre
387 4016 456 4079 sive
479 4017 616 4079 retinere
638 4025 812 4099 presumat,
841 4024 891 4079 set
914 4036 987 4079 cum
1012 4016 1161 4079 omnibus
1185 4015 1322 4078 adeam
1348 4017 1415 4078 iure
1439 4015 1676 4098 pertinentibus
1703 4014 1745 4078 ad
1770 4036 1848 4078 usus
1871 4025 1906 4079 et

239 4106 513 4168 sustentacionem
532 4110 559 4183 a)
583 4104 717 4169 fratrum
740 4105 942 4188 regularium,
970 4106 1091 4168 ibidem
1117 4105 1249 4168 domino
1272 4105 1492 4179 serviencium,
1523 4124 1654 4185 semper
1683 4104 1808 4167 illibata
1832 4124 1905 4188 per·

241 4201 400 4255 maneant
444 4195 603 4269 Preterea,
633 4214 854 4276 quascumque
884 4195 1114 4277 possessiones,
1146 4213 1352 4275 quecumque
1380 4194 1468 4258 bona
1499 4196 1530 4256 in
1553 4195 1794 4276 presenciarum
1822 4194 1905 4257 iuste

241 4288 275 4343 et
304 4283 459 4346 canonice
490 4285 671 4365 possidetis,
701 4293 757 4347 aut
786 4287 818 4346 in
851 4284 992 4347 futurum
1024 4285 1236 4346 concessione
1268 4283 1475 4365 pontificum,
1507 4284 1684 4365 largicione
1714 4302 1829 4364 regum
1852 4285 1905 4347 vel

240 4370 433 4453 principum,
457 4372 627 4436 oblacione
650 4372 792 4436 fidelium
815 4392 872 4435 seu
896 4373 963 4436 aliis
985 4373 1074 4435 iustis
1099 4373 1205 4435 modis
1230 4371 1294 4435 deo
1310 4374 1461 4454 propicio
1478 4373 1627 4455 poteritis
1643 4371 1787 4454 adipisci,
1810 4371 1905 4436 firma

240 4460 333 4523 vobis
354 4461 533 4544 vestrisque
555 4463 797 4525 successoribus
820 4470 853 4524 et
876 4461 1062 4525 inconvulsa
1085 4470 1260 4524 serventur.
1305 4463 1340 4525 ln
1364 4462 1480 4542 quibus
1503 4462 1564 4525 hec
1587 4462 1728 4544 propriis
1749 4460 1905 4524 duximus

241 4551 455 4630 exprimenda
477 4551 658 4614 vocabulis:
698 4551 868 4615 ecclesiam
892 4553 994 4613 sancti
1018 4549 1188 4613 Michaelis
1218 4571 1291 4613 cum
1324 4550 1530 4632 pertinenciis
1559 4552 1634 4625 suis,
1667 4559 1700 4612 et
1730 4549 1904 4613 ecclesiam

240 4638 283 4700 de
306 4635 424 4701 Salmis
446 4641 479 4702 in
502 4640 690 4716 Daredasia,
721 4641 891 4703 ecclesiam
923 4639 965 4702 de
989 4641 1188 4715 Montinaco,
1220 4640 1391 4702 ecclesiam
1415 4642 1457 4702 de
1480 4639 1635 4712 Fensons,
1666 4637 1837 4702 ecclesiam
1862 4640 1905 4702 de

240 4724 418 4802 Sinemuro,
449 4731 482 4791 in
514 4728 639 4792 honore
669 4730 758 4792 beati
782 4730 927 4792 Mauricii
951 4737 1182 4804 consecratam,
1215 4749 1289 4791 cum
1314 4730 1522 4811 pertinenciis
1552 4728 1625 4802 suis,
1659 4727 1832 4791 ecclesiam
1861 4728 1905 4790 de

241 4815 342 4879 Plano
367 4819 518 4898 contegio
549 4839 623 4880 cum
655 4818 781 4901 capella
809 4819 852 4881 de
875 4817 1013 4892 Verties,
1045 4815 1220 4893 Silvanum,
1252 4815 1464 4881 Othonellum
1496 4838 1570 4881 cum
1601 4816 1726 4899 capella
1758 4817 1803 4880 ibi
1835 4818 1905 4881 sita.

241 4903 395 4968 Obeunte
417 4926 494 4968 vero
525 4914 567 4984 te,
597 4929 683 4970 nunc
713 4910 858 4971 eiusdem
882 4907 945 4970 loci
968 4906 1100 4982 abbate,
1130 4906 1182 4969 vel
1205 4916 1334 4970 tuorum
1359 4908 1506 4988 quolibet
1532 4927 1766 4982 successorum,
1797 4907 1905 4970 nullus

241 4995 284 5057 ibi
308 4995 453 5074 qualibet
483 4997 698 5079 surrepcionis
729 5000 851 5060 astucia
874 4995 926 5059 vel
948 4996 1106 5059 violencia
1134 5005 1341 5077 preponatur,
1371 4998 1429 5059 nisi
1460 5015 1557 5079 quem
1591 4994 1706 5059 fratres
1737 4999 1905 5059 communi

240 5104 372 5147 assensu
396 5082 474 5168 (vel)
498 5085 630 5149 fratrum
654 5107 729 5168 pars
760 5086 885 5149 consilii
916 5086 1052 5147 sanioris
1075 5085 1254 5148 secundum
1286 5087 1339 5148 dei
1370 5087 1520 5148 timorem
1552 5093 1585 5147 et
1615 5085 1702 5148 beati
1727 5083 1904 5167 Augustini

240 5173 385 5254 regulam
409 5174 609 5256 providerint
631 5175 824 5259 eligendum.
870 5176 955 5239 Sane
984 5174 1133 5237 laborum
1157 5182 1347 5248 vestrorum,
1381 5195 1463 5256 quos
1495 5174 1635 5255 propriis
1666 5175 1816 5238 manibus
1848 5182 1905 5238 aut

240 5263 425 5344 sumptibus
456 5264 577 5340 colitis,
616 5267 684 5327 sive
718 5265 761 5328 de
791 5264 991 5327 nutrimentis
1021 5271 1201 5326 vestrorum
1232 5264 1417 5327 animalium
1451 5263 1554 5326 nullus
1593 5265 1725 5326 omnino
1758 5283 1778 5325 a
1808 5265 1904 5327 vobis

240 5351 383 5414 decimas
407 5353 523 5436 exigat.
569 5354 780 5417 Decernimus
804 5374 891 5436 ergo,
914 5361 950 5415 ut
973 5351 1048 5415 nulli
1073 5354 1205 5416 omnino
1228 5352 1394 5416 hominum
1419 5352 1526 5427 liceat*
1545 5351 1709 5434 prefatam
1731 5351 1904 5416 ecclesiam

240 5451 362 5504 temere
385 5443 574 5525 perturbare
597 5452 653 5507 aut
667 5445 736 5507 eius
750 5445 975 5526 possessiones
991 5441 1117 5506 auferre
1132 5442 1183 5505 vel
1199 5442 1323 5506 ablatas
1339 5445 1486 5517 retinere,
1510 5443 1655 5504 minuere
1671 5450 1727 5505 aut
1741 5441 1904 5526 aliquibus

294 5580 371 5585 ..-.-
419 5581 489 5586 -ψ-
529 5583 563 5586 1.-
606 5582 661 5589 --

399 5639 424 5703 a)
442 5639 630 5690 stentacionem.
649 5678 701 5685 -
719 5640 756 5706 ,1)
780 5639 856 5705 Vtrgl.
868 5638 918 5688 ‚die
944 5637 1004 5687 Urk.
1022 5652 1077 5687 vom
1095 5640 1129 5688 22
1151 5636 1202 5687 Oct.
1222 5637 1289 5687 1136
1312 5635 1369 5683 und
1383 5638 1416 5684 14
1434 5635 1510 5685 Ma'rz
1530 5639 1597 5686 1119
1617 5634 1709 5701 (Jaffc‘,
1734 5639 1792 5704 Reg.
1811 5637 1903 5705 8675).
