3982 6194
154 232 196 298 26

152 425 195 486 de
218 421 356 498 Solaco,
390 423 471 485 sicut
502 442 561 503 per
593 422 767 484 iamdictos
798 421 935 484 vicarios
966 420 1136 484 definitum
1170 429 1236 494 est,
1269 442 1287 483 a
1318 428 1450 483 sanctae
1483 418 1595 482 Crucis
1627 421 1828 484 monasterio

153 514 261 593 quiete
285 515 317 575 in
341 520 537 595 perpetuum
562 511 730 593 possideri.
777 510 820 573 Et
844 530 884 573 ne
907 510 1064 593 deinceps
1089 510 1211 573 clamor
1233 509 1349 590 aliquis
1372 509 1529 585 audiatur,
1561 510 1829 573 corroboratione

153 605 332 684 praesentis
356 604 495 683 paginae
519 599 741 683 prohibemus.

314 691 436 754 Datum
459 690 621 766 Laterani,
651 689 800 753 valdus
824 688 1030 763 Novembris,
1062 709 1121 770 per
1152 708 1282 750 manum
1311 687 1470 762 Iohannis,
1503 695 1634 750 sanctae
1657 690 1830 752 Romanae

152 781 311 842 ecclesiae
327 781 456 842 diaconi
480 801 518 842 ac
542 778 791 842 bibliothecarii.
824 777 924 841 Anno
942 791 965 838 v
989 778 1198 859 pontificatus
1223 778 1336 839 domni
1360 776 1531 840 Paschalis.
1562 776 1745 841 Indictione
1768 792 1829 840 ΧΠ.

153 868 252 931 Αηηο
278 871 463 932 dominicae
486 871 715 932 incarnationis
740 880 850 930 Mcllll.

312 984 436 1047 Absrlrrrst
452 986 492 1033 des
511 982 660 1035 Manasrimn
680 983 868 1041 Benediclirmm,
889 982 945 1032 MS.
965 985 1007 1032 lat.
1031 984 1115 1031 12666
1126 983 1177 1045 sul.
1201 984 1269 1039 r-rrb,
1289 982 1314 1030 in
1333 983 1376 1030 der
1394 983 1455 1032 Bibl.
1475 982 1602 1031 dirliorrale
1619 998 1649 1029 zu
1671 982 1749 1032 Paris.

911 1420 977 1494 ΝΥ.
1009 1423 1070 1493 31.

156 1572 326 1635 Paschalis
343 1571 387 1634 II
399 1572 548 1654 bestcitigt
561 1572 622 1635 den
639 1570 779 1650 Brirlof
787 1570 939 1723 Larlqberl
953 1592 1013 1633 von
1028 1571 1135 1722 Αννιέ
1152 1572 1184 1634 in
1201 1571 1324 1633 sei-rtem
1341 1568 1435 1631 Amte
1454 1568 1524 1631 und
1535 1569 1647 1633 dassen
1662 1569 1833 1650 Hochsttfl

777 1662 821 1723 im
867 1659 962 1724 estlce
976 1662 1084 1724 seiner
1130 1667 1209 1724 liter.

772 1822 853 1880 1104
877 1818 975 1883 Mdrz
989 1822 1018 1882 5.
1065 1819 1214 1882 Lateran.

313 1979 477 2043 Paschalis
494 1982 677 2062 episcopus
695 1999 806 2042 servus
823 2000 990 2043 servorum
1007 1981 1069 2056 dei,
1086 1977 1288 2066 ve[ne]rabili
1306 1982 1395 2044 fratri
1411 1982 1599 2056 Lambert0,
1616 1980 1829 2044 Atrebatensi

155 2072 330 2152 episcopo,
367 2073 500 2149 eiusque
534 2069 776 2132 successoribus
809 2070 963 2132 canonice
995 2071 1239 2152 promovendis
1274 2075 1304 2133 in
1338 2080 1542 2153 perpetuum.
1588 2071 1678 2132 Sicut
1715 2072 1830 2132 iniusta

154 2159 364 2241 poscentibus
388 2159 491 2221 nullus
515 2166 565 2220 est
589 2160 778 2221 tribuendus
802 2159 946 2234 effectus,
970 2160 1014 2222 sic
1039 2160 1198 2240 legittima
1223 2161 1476 2223 desiderantium
1500 2181 1564 2222 non
1583 2169 1632 2221 est
1648 2159 1830 2221 disserenda

153 2249 280 2329 peticio
327 2249 377 2311 Te
401 2251 509 2329 igitur,
535 2248 742 2310 dilectissime
765 2269 804 2311 ac
828 2249 1095 2311 reverendissime
1126 2249 1233 2324 frater,
1264 2269 1362 2329 quem
1397 2253 1429 2311 in
1454 2249 1665 2312 Atrebatensi
1691 2249 1829 2311 ecclesia

153 2339 367 2418 predecessor
383 2345 501 2412 noster,
521 2338 656 2400 domino
681 2340 881 2413 restituente,
905 2340 1082 2412 constituit,
1106 2359 1165 2401 nos
1183 2358 1315 2419 quoque
1331 2360 1404 2401 cum
1423 2339 1531 2400 divino
1549 2337 1668 2401 favoris
1685 2339 1828 2419 presidio

152 2429 184 2488 in
208 2426 402 2508 episcopalis
427 2427 593 2507 dignitatis
617 2426 783 2490 functione
807 2426 981 2489 firmamus.
1028 2425 1192 2508 Quicquid
1223 2437 1330 2491 autem
1365 2429 1513 2508 predicte
1545 2426 1680 2489 ecclesie
1713 2427 1830 2489 beatus

153 2515 319 2598 Remigius
343 2515 488 2590 contulit,
513 2517 665 2596 quicquid
689 2517 828 2595 antiquis
850 2517 1063 2597 temporibus,
1088 2518 1164 2579 dum
1190 2516 1368 2598 episcopali
1393 2519 1552 2598 dignitate
1576 2516 1724 2598 polleret,
1757 2535 1828 2578 eam

153 2606 324 2687 possidere
357 2606 567 2679 constituerit,
600 2605 697 2668 salvis
720 2605 880 2688 legalibus
915 2608 1068 2668 institutis
1100 2615 1132 2668 et
1156 2605 1304 2668 Romane
1338 2606 1475 2668 ecclesie
1507 2606 1692 2688 privilegiis,
1725 2614 1828 2667 ratum

154 2695 210 2756 tibi
234 2716 272 2757 ac
288 2694 532 2757 successoribus
555 2696 618 2755 tuis
643 2715 835 2776 permanere
858 2696 1027 2757 sancimus.
1058 2694 1094 2757 In
1113 2695 1229 2774 quibus
1247 2698 1440 2758 nominatim
1457 2695 1686 2758 confirmamus
1703 2693 1830 2776 prefate

154 2784 288 2847 ecclesie
310 2783 419 2846 villam
437 2782 562 2845 Maroel
586 2790 619 2845 et
635 2782 765 2846 Estrom
791 2793 824 2847 et
847 2783 1034 2848 molendina
1057 2785 1132 2859 duo,
1156 2785 1293 2847 alterum
1319 2787 1401 2846 intra
1423 2805 1548 2846 murum
1565 2784 1829 2857 Atrebatensem,

154 2873 290 2935 alterum
308 2874 398 2954 quod
412 2872 568 2935 Eschosol
585 2874 711 2948 dicitur,
729 2871 907 2954 Squaviam
924 2895 998 2936 cum
1016 2882 1127 2936 monte
1143 2876 1247 2935 sancti
1259 2872 1362 2955 Eligii,
1378 2873 1489 2935 silvam
1506 2873 1607 2936 sancti
1625 2873 1829 2954 Leodegarii,

153 2962 420 3038 Rodulficurtem,
446 2962 569 3025 Medini
592 2961 710 3038 villam,
739 2972 888 3025 sanctum
914 2964 1099 3037 Martinum,
1123 2961 1267 3037 Valcurt,
1291 2963 1458 3036 Larnbres,
1482 2963 1642 3025 decimam
1667 2961 1829 3036 laviniaci,

153 3050 244 3114 villas
269 3071 401 3133 quoque
425 3054 455 3113 in
473 3052 698 3115 Cameracensi
722 3052 913 3133 episcopatu
936 3054 1138 3127 constitutas,
1163 3050 1293 3114 Orchos
1317 3060 1350 3114 et
1366 3050 1610 3125 Sambucetum,
1635 3070 1716 3130 quas
1741 3052 1828 3113 idem

153 3141 269 3203 beatus
297 3140 464 3223 Remigius
488 3161 531 3202 ex
554 3141 643 3203 dono
667 3141 858 3214 Loudovici,
886 3144 972 3223 regis
996 3140 1204 3216 Francorum,
1236 3142 1373 3205 contulit
1396 3143 1426 3202 in
1449 3142 1611 3204 alimoniis
1636 3139 1827 3202 clericorum

154 3229 366 3292 Atrebatensi
409 3230 547 3293 ecclesie
593 3239 625 3292 et
669 3238 869 3293 testamento
914 3251 973 3294 suo
1014 3229 1163 3294 firmavit.
1224 3228 1440 3312 Quecumque
1485 3239 1633 3312 preterea
1672 3230 1761 3292 bona
1799 3231 1829 3291 in

119 3323 123 3331 ’
155 3320 387 3400 presentiarum
420 3320 547 3402 prelata
579 3319 714 3382 ecclesia
745 3321 829 3381 iuste
859 3321 1005 3402 possidet
1036 3321 1104 3382 sive
1136 3323 1167 3382 in
1198 3321 1340 3383 futurum
1377 3323 1590 3382 concessione
1627 3317 1829 3401 pontificum,

154 3408 348 3471 liberalitate
376 3410 559 3490 principum
583 3409 634 3470 vel
664 3408 831 3472 oblatione
861 3408 1006 3472 fidelium
1038 3409 1119 3472 iuste
1150 3420 1182 3472 et
1214 3412 1370 3472 canonice
1401 3410 1521 3491 poterit
1551 3410 1703 3489 adipisci,
1737 3407 1829 3469 firma

154 3497 213 3560 tibi
237 3501 368 3577 tuisque
398 3497 639 3560 successoribus
671 3505 704 3559 et
734 3498 858 3560 illibata
888 3507 1110 3580 permaneant.
1156 3499 1370 3562 Decernimus
1403 3518 1489 3580 erg0,
1521 3506 1555 3560 ut
1587 3495 1662 3559 nulli
1694 3498 1828 3559 omnino

153 3586 323 3650 hominum
355 3587 457 3660 liceat,
491 3587 628 3650 eandem
662 3586 832 3650 ecclesiam
866 3595 989 3651 temere
1018 3589 1217 3670 perturbare,
1249 3598 1304 3652 aut
1336 3589 1403 3650 eius
1433 3589 1661 3670 possessiones
1694 3585 1828 3660 auferre,

153 3676 203 3739 vel
236 3676 361 3739 ablatas
393 3679 541 3751 retinere,
572 3677 719 3738 minuere
749 3678 800 3739 vel
832 3678 1010 3740 temerariis
1034 3678 1261 3740 vexationibus
1293 3678 1443 3758 fatigare,
1474 3678 1533 3739 sed
1565 3678 1674 3739 omnia
1706 3678 1832 3756 integra

155 3774 396 3840 conserventur,
420 3774 487 3828 tam
511 3764 582 3839 tuis,
607 3785 706 3844 quam
730 3766 922 3829 clericorum
946 3775 979 3828 et
1003 3788 1184 3849 pauperum
1210 3767 1320 3829 usibus
1344 3766 1521 3849 profutura.
1569 3766 1719 3827 Preterea
1744 3764 1832 3826 beati

156 3855 293 3917 Preiecti
325 3857 475 3934 martyris
512 3855 757 3928 monasterium,
794 3856 883 3936 quod
917 3857 948 3917 in
984 3858 1190 3919 Betuniensis
1224 3855 1347 3918 castelli
1378 3857 1543 3918 territorio
1575 3852 1780 3936 parrochiam
1803 3854 1833 3935 ²¹)

156 3943 347 4006 Fuscharies
371 3947 467 4006 situm
494 3952 550 4017 est,
574 3945 635 4006 sub
659 3952 717 4006 tuo
741 3964 778 4006 ac
802 3965 1028 4008 successorum
1053 3956 1181 4009 tuorum
1199 3947 1266 4007 iure
1282 3965 1339 4007 seu
1357 3945 1571 4027 dispositione
1588 3947 1619 4005 in
1635 3951 1832 4025 perpetuum

157 4053 287 4095 manere
303 4035 475 4094 sancimus.
507 4032 550 4094 Et
566 4034 734 4114 proprium
752 4034 915 4116 deinceps
940 4035 1097 4117 largiente
1114 4036 1259 4109 domino,
1281 4036 1434 4097 abbatem
1452 4036 1543 4096 iuxta
1559 4033 1646 4095 beati
1662 4032 1832 4094 Benedicti

156 4123 299 4203 regulam
324 4120 445 4184 habere
462 4123 676 4196 decernimus,
702 4124 757 4204 qui
774 4124 816 4186 ab
832 4126 991 4206 episcopo
1007 4123 1219 4186 Atrebatensi
1243 4124 1505 4186 benedictionem
1530 4122 1677 4204 accipiat.
1708 4118 1742 4182 Si
1769 4142 1833 4201 qua

155 4231 232 4273 sane
246 4211 466 4274 ecclesiastica
478 4211 671 4274 secularisve
682 4233 831 4293 persona,
847 4212 932 4276 hanc
949 4223 1060 4275 nostre
1076 4215 1317 4276 constitutionis
1333 4214 1485 4294 paginam
1502 4213 1615 4286 sciens,
1632 4219 1746 4273 contra
1759 4231 1831 4273 eam

155 4310 279 4363 temere
303 4302 413 4362 venire
436 4302 654 4382 temptaverit,
686 4304 833 4365 secundo
864 4305 1008 4365 terciove
1040 4305 1254 4377 commonita,
1285 4306 1311 4369 si
1345 4322 1410 4363 non
1441 4300 1664 4364 satisfactione
1688 4320 1832 4380 congrua

156 4391 389 4464 emendaverit,
413 4393 587 4472 potestatis
602 4389 801 4472 honorisque
817 4393 866 4453 sui
884 4392 1043 4472 dignitate
1060 4401 1176 4465 careat,
1202 4410 1357 4470 reamque
1373 4411 1408 4452 se
1424 4392 1536 4454 divino
1553 4392 1673 4454 iudicio
1691 4391 1833 4451 existere

156 4480 197 4540 de
222 4486 410 4560 perpetrata
433 4480 601 4560 iniquitate
625 4489 811 4561 cognoscat,
837 4488 869 4542 et
892 4501 911 4542 a
934 4481 1153 4543 sacratissimo
1178 4501 1316 4563 corpore
1340 4499 1379 4541 ac
1402 4481 1557 4562 sanguine
1581 4481 1633 4542 dei
1651 4486 1684 4540 et
1700 4479 1832 4552 domini,

157 4568 376 4649 redemptoris
400 4571 500 4630 nostri
524 4568 619 4631 Ihesu
645 4568 771 4642 Christi,
799 4567 989 4643 alienafiat,
1022 4578 1120 4649 atque
1145 4572 1175 4631 in
1200 4579 1350 4633 extremo
1376 4571 1525 4632 examine
1549 4570 1695 4631 districte
1721 4568 1832 4629 ultioni

156 4657 331 4719 subiaceat.
388 4657 518 4720 Cunctis
560 4668 686 4732 autem,
728 4657 835 4719 eidem
879 4658 953 4720 loco
987 4659 1070 4721 iusta
1110 4661 1332 4733 servantibus,
1375 4660 1417 4721 sit
1463 4680 1530 4741 pax
1569 4657 1690 4720 domini
1731 4659 1832 4718 nostri

156 4745 252 4808 lhesu
269 4744 397 4821 Christi,
423 4750 572 4828 quatinus
596 4756 629 4809 et
652 4745 704 4808 hic
722 4746 861 4809 fructum
886 4748 973 4810 bone
989 4749 1123 4810 actionis
1142 4750 1322 4831 percipiant
1339 4757 1371 4811 et
1387 4749 1474 4830 apud
1492 4749 1672 4809 districtum
1690 4747 1832 4809 iudicem

156 4837 283 4916 premia
315 4843 426 4897 eterne
458 4837 546 4918 pacis
579 4838 750 4899 inveniant.
796 4836 917 4899 Amen.
951 4872 994 4882 -
1026 4835 1189 4920 Scriptum
1223 4859 1282 4920 per
1313 4859 1444 4901 manum
1475 4837 1632 4908 Rainerii‚
1668 4837 1833 4909 scriniarii,

157 4926 330 5006 regionarii
354 4934 388 4987 et
411 4928 526 4987 notarii
551 4927 633 4988 sacri
658 4925 779 5007 palatii.

317 5014 440 5077 Datum
456 5014 616 5089 Laterani,
640 5030 678 5077 111
693 5014 807 5077 Nonas
823 5015 940 5089 Martii,
964 5037 1022 5097 per
1046 5037 1176 5079 manum
1202 5016 1339 5096 Equicii,
1363 5017 1489 5097 agentis
1510 5016 1613 5076 vicem
1640 5013 1832 5076 cancellarii.

156 5103 338 5165 Indictione
353 5120 412 5166 ΧΠ.
460 5105 693 5167 lucarnationis
718 5105 883 5166 dominice
907 5125 993 5168 anno
1015 5119 1126 5169 MC1111.
1172 5105 1383 5169 Pontificatus
1407 5113 1516 5166 autem
1537 5103 1651 5166 domni
1670 5101 1833 5165 Paschalis

157 5193 289 5255 secundi
314 5214 400 5275 pape
424 5206 455 5254 V.

214 5297 218 5312 ¹
316 5309 439 5372 Abschrifl
455 5325 509 5356 vom
527 5309 557 5356 13
573 5307 665 5372 Jahrb,
684 5309 724 5356 des
745 5307 854 5357 Chartul.
874 5308 987 5368 Atrebat,
1008 5309 1063 5358 MS.
1077 5312 1119 5359 lat.
1138 5311 1229 5368 17737,
1241 5310 1291 5372 sol.
1305 5310 1362 5366 551³,
1382 5309 1408 5356 in
1427 5309 1543 5357 dchr'bl.
1563 5308 1732 5356 harbmlecu
1754 5307 1831 5355 Paris.

317 5459 344 5551 a,
369 5486 440 5534 lt'ohl
454 5494 477 5533 et
496 5487 521 5533 in
541 5485 673 5549 parrochia
691 5502 721 5534 ru
738 5488 808 5535 lesen.
