3982 6194
921 111 988 185 Nr.
1018 116 1080 187 34.

164 231 275 298 Colr'xt
292 234 336 298 Ι]
356 234 508 318 bestotigt
529 234 590 298 der
612 230 774 297 Arbtr'ssin
797 233 936 296 Merado
959 254 1019 296 oon
1042 232 1076 297 S.
1094 233 1203 297 Pietro
1226 235 1260 296 in
1286 233 1419 299 Vicenra
1441 234 1496 297 die
1519 234 1756 299 Besitztlzomer
1774 235 1844 299 und

784 322 901 386 Recto
917 323 1005 386 ihres
1021 321 1166 386 Klosters
1184 325 1222 400 ¹).

734 440 822 500 1123
839 437 1019 503 November
1033 442 1087 502 20.
1122 440 1269 502 Lateron.

322 573 470 637 Calixtus
494 576 706 655 (episcopus),
733 595 843 636 servus
867 594 1033 636 servorum
1059 576 1119 648 dei,
1145 575 1283 638 dilectae
1308 576 1340 637 in
1365 576 1493 639 Christo
1518 575 1603 638 filiae
1625 576 1779 638 Meradae
1798 572 1839 656 ἃ),

159 663 350 726 abbatissae
374 665 561 726 monasterii
585 665 688 725 sancti
713 664 796 725 Petri
820 663 1015 726 Vicentinae
1040 665 1187 737 civitatis,
1219 664 1348 745 sibique
1371 665 1622 727 succedentibus
1653 666 1840 746 regulariter

159 754 407 827 substituendis,
433 755 464 815 in
489 763 693 834 perpetuum.
740 752 927 832 Aequitatis
951 763 984 815 et
1011 755 1151 815 iustitiae
1182 754 1264 815 ratio
1296 756 1471 835 persuadet
1501 775 1569 829 nos
1600 754 1744 816 ecclesiis
1768 776 1838 835 pcr-

159 852 296 925 petuam
321 863 427 905 rerum
451 863 580 904 suarum
604 841 791 904 firmitatem
815 852 849 903 et
870 843 994 923 vigoris
1017 843 1198 905 inconcussi
1224 845 1426 906 monimenta
1449 844 1605 907 conserte.
1652 844 1729 906 Non
1752 845 1840 906 enim

159 933 333 1007 convenit,
373 952 546 1013 personas
585 932 697 993 divino
730 930 897 993 famulatui
930 932 1074 1005 deditas,
1108 934 1245 1012 pertesis
1276 954 1450 1014 pravorum
1481 933 1651 995 hominurn
1683 933 1839 995 molestiis

160 1022 276 1102 agitari
310 1033 344 1084 et
375 1021 553 1083 temerariis
586 1021 807 1101 quorumlibet
836 1021 1066 1083 vexationibus
1102 1020 1238 1102 fatigari.
1292 1022 1449 1085 Similiter
1486 1032 1519 1084 ct
1557 1023 1688 1103 predia,
1728 1023 1839 1085 usibus

159 1110 330 1172 celestium
354 1121 553 1172 secretorum
577 1110 704 1183 dedita,
738 1110 842 1172 nullas
873 1112 1057 1191 potentium
1089 1113 1238 1191 angarias
1262 1110 1340 1173 nihil
1365 1112 1488 1174 debent
1518 1122 1610 1174 extra
1640 1112 1838 1173 ordinarium

159 1201 329 1262 sustinere.
376 1200 459 1263 Cum
483 1201 580 1281 igitur
602 1200 749 1261 omniurn
772 1199 981 1262 ecclesiarum
1005 1221 1081 1262 cura
1105 1200 1201 1263 nobis
1224 1221 1381 1263 concessa
1404 1203 1453 1275 sit,
1482 1212 1631 1275 vestram,
1664 1201 1783 1263 dilecta
1806 1202 1838 1261 in

160 1288 292 1351 Christo
326 1287 392 1351 filia
416 1289 560 1362 Merada,
594 1288 762 1351 abbatissa
792 1289 880 1351 beati
905 1289 999 1362 Petri,
1033 1289 1191 1351 debemus
1215 1291 1385 1352 ecclesiam
1410 1291 1613 1372 apostolicae
1636 1291 1839 1352 auctoritatis

159 1377 315 1460 suffragio
339 1380 462 1441 eteius
485 1378 701 1459 protectionis
724 1379 907 1459 patrocinio
932 1377 1118 1440 confovere.
1165 1380 1265 1441 Porro
1290 1381 1514 1460 possessiones
1545 1400 1661 1442 omnes
1684 1390 1717 1442 et
1740 1379 1838 1453 bona,

160 1488 246 1547 quae
277 1469 490 1530 concessione
521 1465 730 1548 pontificum,
769 1466 965 1530 liberalitate
1003 1468 1252 1549 imperatorum,
1293 1469 1461 1531 oblatione
1494 1469 1638 1530 fidelium
1669 1470 1736 1530 sive
1768 1468 1838 1530 aliis

159 1557 252 1619 iustis
276 1558 385 1619 modis
407 1557 545 1619 ecclesia
568 1558 640 1638 ipsa
664 1558 695 1618 in
719 1558 861 1637 presenti
886 1558 1034 1638 possidet
1050 1567 1107 1619 aut
1130 1559 1161 1619 in
1179 1558 1328 1631 futurum,
1354 1559 1510 1639 largiente
1527 1558 1671 1632 domin0,
1696 1559 1840 1639 potuerit

160 1645 309 1727 adipisci,
342 1647 401 1708 tibi
437 1657 470 1709 et
501 1647 554 1719 iis,
588 1647 642 1725 qui
673 1655 751 1727 post
774 1656 807 1708 te
831 1646 974 1727 legitime
997 1648 1219 1717 successerint,
1253 1646 1491 1710 confirmamus.
1538 1648 1572 1708 In
1608 1647 1726 1727 quibus
1758 1646 1839 1709 haec

159 1736 302 1817 propriis
326 1735 514 1799 nominibus
536 1736 606 1797 visa
628 1745 703 1797 sunt
727 1736 956 1816 exprimenda:
980 1736 1133 1798 videlicet
1156 1737 1292 1797 ecclesia
1315 1737 1417 1797 sancti
1433 1737 1517 1799 Petri
1542 1756 1615 1798 curn
1640 1737 1793 1799 omnibus
1809 1737 1838 1798 ei

159 1825 400 1905 pertinentibus
423 1823 507 1886 infra
530 1825 695 1887 civitatem
710 1824 882 1887 Vicentiae
898 1836 931 1887 ct
953 1834 1053 1896 extra,
1078 1825 1201 1887 scilicet
1217 1826 1372 1887 suburbia
1388 1846 1461 1887 cum
1479 1826 1624 1899 decimis,
1650 1825 1839 1888 molendina

160 1933 234 1975 cum
259 1913 395 1976 decimis
418 1924 451 1976 et
474 1913 558 1988 villa,
583 1934 668 1992 quae
692 1914 809 1976 dicitur
830 1913 933 1976 sancti
955 1915 1048 1988 Petri,
1074 1935 1147 1976 cum
1172 1915 1315 1989 decimis
1340 1924 1372 1976 et
1396 1914 1594 1994 Quartezolo
1619 1925 1652 1976 et
1674 1914 1773 1996 plebe
1798 1915 1838 1977 de

159 2002 528 2077 Grum010‚villacum
552 2002 687 2064 decimis
711 2013 744 2065 et
766 2004 896 2085 synodo
921 2024 994 2065 cum
1019 2004 1171 2065 omnibus
1196 2002 1329 2084 capellis
1353 2005 1460 2065 eidem
1484 2004 1573 2085 plebi
1590 2004 1838 2085 pertinentibus,

160 2102 193 2154 et
216 2091 477 2174 Grugnotortum
512 2112 585 2154 cum
618 2093 766 2166 decimis,
797 2102 830 2155 et
862 2093 1007 2173 quinque
1039 2094 1143 2155 mansi
1176 2094 1207 2154 in
1237 2093 1443 2166 Barbarano,
1487 2103 1520 2155 et
1559 2094 1706 2156 decimae
1739 2094 1838 2155 totius

160 2182 370 2245 domocultus
393 2182 540 2243 eiusdem
570 2182 740 2263 episcopii,
773 2192 807 2244 et
837 2183 940 2244 mansi
973 2183 1005 2243 in
1031 2182 1197 2256 Custodia,
1231 2183 1333 2244 mansi
1359 2183 1389 2243 in
1415 2182 1580 2255 Altavilla,
1612 2183 1644 2243 in
1669 2181 1837 2257 Credacio‚

161 2271 193 2331 in
226 2271 454 2333 Montemedio
486 2282 520 2334 et
552 2271 584 2332 in
616 2271 793 2347 Monteclo,
825 2282 857 2333 et
890 2272 974 2334 duae
1006 2271 1141 2333 braidae
1172 2273 1203 2333 in
1237 2270 1392 2333 Altavilla
1426 2292 1500 2333 cum
1530 2271 1678 2345 decimis,
1712 2272 1839 2352 capella

159 2359 264 2422 sancti
280 2361 366 2422 Petri
383 2362 415 2422 in
432 2360 592 2434 Garzone,
615 2361 678 2422 sita
694 2360 725 2422 in
742 2360 871 2435 Scled0‚
897 2381 970 2422 curn
988 2362 1140 2422 omnibus
1164 2362 1189 2422 ei
1207 2361 1455 2442 pertinentibus,
1480 2362 1612 2442 insuper
1633 2361 1839 2423 massariciae

159 2449 269 2511 eidem
292 2450 493 2512 monasterio
517 2450 550 2511 in
573 2450 693 2512 eodem
717 2449 792 2513 loco
815 2451 1025 2530 pertinentes,
1050 2459 1082 2512 et
1106 2450 1220 2531 plebes
1245 2451 1285 2512 de
1302 2450 1422 2513 Scledo
1440 2470 1514 2512 cum
1534 2449 1687 2513 omuibus
1704 2450 1838 2531 capellis

159 2537 269 2600 eidem
302 2539 391 2619 plebi
423 2539 672 2620 pertinentibus
705 2550 738 2601 et
772 2540 923 2619 quartisc,
955 2540 1101 2619 synodus
1132 2549 1165 2601 et
1196 2540 1310 2620 plebes
1335 2540 1460 2601 Marani
1494 2560 1568 2601 cum
1600 2541 1771 2619 quartisiis
1805 2550 1838 2602 et

158 2629 307 2709 synodus
317 2639 350 2690 et
360 2628 486 2709 capella
495 2629 597 2690 sancti
605 2628 692 2690 Petri
710 2630 741 2690 in
758 2640 871 2690 monte
888 2629 929 2690 de
940 2628 1053 2691 Berica
1069 2650 1142 2691 curn
1159 2629 1356 2690 montecello
1372 2639 1405 2690 et
1420 2629 1546 2709 capella
1556 2628 1658 2689 sancti
1668 2628 1838 2691 Michaelis

159 2718 190 2778 in
214 2716 390 2779 Besortolo
415 2738 490 2779 cum
513 2717 702 2779 monticello
727 2728 760 2779 et
790 2728 874 2780 terra
906 2738 1004 2797 quam
1028 2717 1129 2780 habet
1153 2719 1184 2779 in
1208 2718 1402 2780 Pcdevenne
1421 2716 1449 2799 b)
1482 2727 1515 2779 et
1545 2719 1576 2779 in
1601 2718 1775 2780 Prenomia
1795 2720 1835 2794 c).

158 2807 375 2869 Decemimus
400 2827 541 2888 quoque,
574 2817 609 2868 ut
640 2807 718 2868 nulli
751 2808 886 2868 omnino
920 2807 1090 2869 hominum
1114 2808 1217 2876 liceat,
1251 2807 1337 2868 idem
1362 2808 1595 2868 monasterium
1619 2816 1741 2869 temere
1766 2829 1836 2889 per·

157 2897 290 2958 turbare
325 2907 382 2958 aut
416 2897 484 2959 eius
518 2896 744 2976 possessiones
779 2896 914 2959 aufferre
952 2896 1003 2958 vel
1028 2896 1166 2970 ablatas
1202 2897 1354 2970 retinere,
1392 2896 1536 2958 minuere
1570 2896 1620 2958 vel
1655 2898 1836 2959 temerariis

155 2985 390 3048 vexationibus
414 2985 559 3066 fatigare,
590 2986 649 3047 sed
672 2986 784 3047 omnia
807 2987 932 3066 integra
956 2996 1187 3047 conserventur
1210 3005 1328 3059 eamm,
1354 3006 1414 3065 pro
1439 3005 1575 3065 quarum
1600 2987 1836 3048 sustentatione

157 3086 189 3138 et
203 3075 444 3156 gubernatione
465 3095 621 3137 concessa
645 3084 727 3146 sunt,
754 3075 865 3136 usibus
881 3076 1080 3137 omnimodis
1097 3074 1273 3155 profutura,
1298 3074 1578 3154 quemadmodum
1601 3075 1632 3135 in
1650 3075 1835 3156 privilegiis,

154 3184 174 3225 a
188 3165 373 3226 Vicentinis
390 3164 554 3245 episcopis
577 3164 674 3226 vobis
698 3165 869 3238 concessis,
894 3166 1088 3226 continetur.
1136 3164 1289 3226 Obcunte
1313 3174 1354 3237 tc,
1381 3184 1465 3225 nunc
1489 3165 1557 3226 eius
1574 3163 1636 3225 loci
1658 3163 1834 3240 abbatissa,

154 3253 241 3315 nulla
276 3253 323 3315 ibi
357 3253 504 3334 qualibet
534 3254 748 3333 surreptionis
778 3255 901 3315 astucia
932 3275 988 3314 seu
1019 3253 1179 3315 violencia
1212 3264 1449 3333 praeponatur,
1482 3254 1541 3314 nisi
1575 3273 1673 3332 quam
1706 3274 1835 3316 sorores

153 3343 322 3404 communi
347 3362 507 3405 consensu
530 3342 583 3404 vel
606 3362 755 3404 sororum
777 3363 854 3423 pars
878 3343 1002 3404 consilii
1035 3343 1171 3404 sanioris
1202 3342 1382 3404 secundum
1415 3343 1466 3403 dei
1497 3343 1648 3404 timorem
1679 3352 1712 3403 et
1743 3342 1832 3405 beati

153 3430 325 3494 Benedicti
359 3431 503 3513 regulam
538 3432 742 3512 providerint
773 3431 967 3513 eligendam.
1015 3430 1178 3506 Chrisma,
1220 3431 1329 3493 oleum
1368 3441 1532 3505 sanctum,
1570 3433 1833 3494 consecrationes

154 3521 306 3583 altarium
337 3541 393 3583 seu
424 3520 640 3595 basilicarum,
673 3521 897 3583 ordinationes
928 3520 1162 3582 monacharum
1194 3521 1352 3601 ipsarum,
1385 3541 1468 3601 quae
1499 3521 1542 3583 ad
1573 3541 1683 3583 sacros
1715 3520 1833 3583 suerint

152 3610 287 3672 ordines
311 3610 566 3691 promovendae,
591 3631 611 3672 a
627 3609 802 3673 Vicentino
819 3611 986 3691 accipietis
1003 3610 1171 3690 episcop0‚
1196 3611 1222 3671 si
1239 3610 1373 3690 quidem
1388 3610 1528 3691 gratiam
1544 3620 1577 3671 et
1600 3611 1833 3672 comunionem

153 3699 242 3762 sedis
266 3698 451 3780 apostolice
473 3698 625 3762 habuerit
651 3709 693 3773 et,
724 3700 750 3760 si
775 3718 813 3760 ea
836 3701 935 3780 gratis
967 3720 1005 3761 ac
1037 3700 1107 3761 sine
1138 3699 1297 3779 pravitate
1327 3699 1465 3760 voluerit
1496 3699 1661 3762 exhibere.
1708 3699 1742 3763 Si
1767 3719 1833 3780 qua

152 3809 231 3851 vero
243 3789 276 3850 in
290 3787 431 3850 futurum
443 3788 663 3851 ecclesiastica
678 3788 871 3851 secularisve
887 3808 1036 3869 persona,
1053 3787 1136 3850 hanc
1152 3798 1281 3850 nostrae
1298 3789 1538 3851 constitutionis
1554 3789 1708 3870 paginam
1717 3789 1831 3864 sciens,

153 3889 271 3940 contra
295 3897 368 3940 eam
385 3888 507 3940 temere
529 3879 640 3940 venire
660 3878 878 3958 temptaverit,
903 3878 1048 3940 secundo
1074 3877 1211 3939 tertiove
1235 3879 1444 3952 commonita,
1469 3879 1493 3939 si
1520 3898 1585 3940 non
1610 3878 1832 3940 satisfactione

152 3987 300 4048 congrua
316 3967 547 4042 emendaverit,
564 3967 737 4048 potestatis
754 3966 953 4047 honorisque
964 3968 1012 4028 sui
1024 3966 1210 4048 (dignitate)
1226 3977 1343 4040 careat,
1361 3987 1515 4047 reamque
1531 3988 1566 4029 se
1583 3968 1693 4028 divino
1711 3967 1831 4029 iudicio

153 4057 297 4118 existere
321 4057 363 4118 de
386 4066 574 4137 perpetrata
606 4056 776 4134 iniquitate
800 4066 988 4137 cognoscat,
1020 4067 1052 4118 et
1076 4078 1094 4118 a
1118 4056 1335 4118 sacratissimo
1366 4076 1504 4137 corpore
1528 4067 1560 4117 ct
1590 4057 1747 4137 sanguine
1778 4057 1830 4118 dei

152 4166 192 4207 ac
216 4145 343 4207 domini
374 4147 475 4207 nostri
499 4146 570 4207 Iesu
595 4144 712 4207 Christi
737 4144 932 4218 alienafiat,
966 4154 1065 4226 atque
1095 4146 1126 4207 in
1157 4155 1306 4207 extremo
1337 4146 1488 4207 examine
1520 4146 1684 4207 districtae
1716 4144 1830 4207 ultioni

152 4234 332 4297 subiaceat.
379 4233 511 4297 Cunctis
542 4243 664 4308 autem,
696 4234 803 4296 eidem
828 4234 901 4296 loco
930 4235 1014 4296 iusta
1046 4234 1266 4308 servantibuS,
1297 4234 1339 4295 sit
1372 4254 1438 4314 pax
1469 4235 1593 4296 domini
1626 4235 1726 4296 nostri
1759 4236 1829 4297 Iesu

153 4323 283 4397 Christi,
308 4333 468 4403 quatenus
483 4334 516 4386 et
532 4322 584 4385 hic
609 4322 747 4384 [ructum
763 4323 872 4384 bonae
896 4324 1033 4385 actionis
1056 4320 1268 4404 percipialnlt
1290 4318 1349 4406 (et)
1373 4325 1461 4404 apud
1486 4325 1664 4386 districtum
1690 4324 1829 4386 iudicem

152 4413 316 4494 premium
362 4419 492 4475 eternae
538 4413 629 4493 pacis
668 4412 834 4474 inveniant
872 4412 1043 4475 dominum
1087 4424 1234 4475 nostrum
1272 4413 1377 4474 lesum
1416 4412 1577 4475 Christum
1605 4409 1642 4495 d).
1710 4412 1829 4474 Amen.

154 4500 275 4564 Arnen.
301 4499 421 4563 Amen.

315 4591 371 4669 (R)
394 4591 467 4672 Ego
491 4588 638 4652 Calixtus
662 4589 842 4651 catholicae
868 4590 1025 4651 ecclcsiae
1048 4590 1223 4670 episcopus
1239 4609 1280 4651 55.

318 4680 440 4741 Datum
465 4680 626 4753 Laterani,
658 4699 716 4760 per
746 4698 877 4740 manum
900 4680 925 4757 ο)
954 4678 1118 4753 Aimerici‚
1150 4690 1282 4740 sanctae
1312 4681 1482 4742 Romanae
1514 4680 1667 4741 ecclesiae
1699 4680 1828 4742 diaconi

154 4768 330 4831 cardinalis
367 4776 400 4830 et
437 4768 630 4831 cancellarii.
677 4781 726 4829 xil
758 4766 830 4830 Kal.
862 4768 1021 4831 Decemb.
1081 4769 1263 4830 Indictione
1295 4783 1327 4831 11.
1376 4770 1610 4831 incarnationis
1644 4769 1829 4832 dominicae

155 4878 241 4920 anno
266 4871 415 4919 Mcxxlll.
462 4857 673 4920 Pontificatus
697 4857 809 4918 domni
835 4857 952 4920 Calixti
977 4858 1083 4919 11PP.
1107 4878 1194 4919 anno
1218 4871 1250 4918 v.

313 4970 436 5035 Abschrrst
451 4969 476 5019 in
495 4971 537 5018 der
556 4970 682 5018 Biblrblero
703 4971 833 5019 Cotrrunolc
850 4988 878 5018 err
903 4972 1011 5019 Virrnco.

313 5115 339 5173 a)
357 5119 427 5176 patre
445 5120 503 5161 stat!
520 5111 587 5161 filice
606 5113 725 5162 Meradae
810 5114 836 5168 bt
856 5115 1011 5163 Pedemonte
1029 5114 1117 5162 undere
1135 5114 1210 5178 lt'opr'e
1294 5115 1318 5180 c)
1340 5116 1400 5164 (ok.
1420 5132 1473 5164 vem
1493 5119 1508 5161 9
1529 5115 1584 5162 Mai
1605 5118 1688 5164 1070:
1706 5115 1827 5165 Patauino

155 5184 211 5234 villa
230 5200 294 5250 quae
312 5185 453 5234 nominatur
472 5184 605 5233 Prenomia
700 5185 727 5245 d)
747 5185 846 5234 Srhluss
868 5193 941 5234 choas
965 5187 991 5234 in
1013 5186 1172 5249 enorum,
1198 5188 1308 5253 offlnbar
1330 5187 1407 5235 drrrch
1433 5187 1635 5235 Willkr'c‘rliclrkeit
1657 5187 1697 5235 des
1715 5187 1827 5248 Kopistm

156 5259 179 5315 el
197 5257 300 5321 propria
319 5271 401 5305 manu.
491 5259 528 5319 ,1)
547 5255 617 5304 Nara
643 5257 695 5304 drm
714 5258 814 5306 Drucke
836 5257 863 5305 in
888 5259 922 5306 D.
950 5259 1075 5313 Borlolan,
1101 5257 1119 5304 Ι
1136 5257 1250 5323 Prr'oilegi
1274 5260 1314 5308 del
1337 5259 1473 5308 Momstcro
1491 5260 1518 5307 dr'
1534 5260 1558 5308 S.
1582 5258 1660 5307 Pierro
1678 5260 1703 5307 in
1728 5258 1828 5308 Virmn

153 5335 176 5391 p.
197 5333 237 5388 42,
255 5329 305 5377 mir
319 5328 413 5393 Μαι
428 5328 558 5392 mgcsondt
574 5344 621 5377 von
639 5328 722 5378 Herm
743 5329 810 5393 Pros.
832 5330 959 5378 Bernardo
977 5329 1137 5378 Morsolr'n
1154 5331 1179 5378 in
1204 5331 1312 5381 Vicerrzo.

1858 5356 1922 5512 l
