3974 6188
998 432 1065 507 Nr.
1088 436 1149 508 90.

234 569 347 653 Eugen
364 569 430 633 [ΙΙ
449 569 567 632 nimmt
586 567 641 631 die
665 564 939 648 Kollegiatkirclze
953 563 1044 629 Sant'
1067 565 1228 629 Antonino
1247 566 1286 629 di
1299 566 1458 629 Procenza
1482 567 1516 629 in
1538 566 1770 650 apostoleiclren
1792 566 1912 633 Schutz

628 656 696 719 und
717 653 868 738 besldtrgt
891 654 961 718 ihre
985 655 1225 719 Besitztlzri'mer
1246 656 1321 719 und
1342 654 1460 719 Reclzte
1478 656 1514 740 ¹).

865 792 949 852 1148
964 788 1111 863 Jul2'22.
1143 790 1285 853 Brescia.

395 926 561 1009 Eugenius
591 926 785 1007 episcopus,
824 944 935 988 servus
967 943 1135 987 servorum
1167 923 1235 1000 dei,
1275 924 1401 988 dilectis
1438 924 1512 987 filiis
1544 922 1696 1000 Oddoni,
1736 927 1910 1009 preposito

236 1016 375 1080 ecclesie
403 1017 507 1078 sancti
531 1014 692 1077 Antonini
723 1014 870 1089 martiris,
901 1034 966 1093 que
997 1015 1061 1077 sita
1091 1021 1142 1077 est
1164 1015 1197 1076 in
1227 1015 1359 1077 civitate
1384 1013 1554 1102 Placentie,
1586 1016 1721 1098 eiusque
1745 1015 1911 1091 fratribus,

189 1125 191 1130 ’
235 1115 302 1169 tam
336 1105 540 1188 presentibus
570 1125 669 1186 quarn
701 1102 834 1179 futuris,
872 1105 1029 1167 canonice
1058 1102 1292 1166 substituendis
1322 1117 1361 1165 IN
1388 1117 1466 1166 PPM.
1482 1139 1527 1150 -
1554 1105 1560 1186 1
1588 1104 1750 1184 Quotiens
1781 1102 1860 1167 illud
1891 1126 1912 1169 a

236 1195 332 1259 nobis
362 1195 490 1277 petitur,
521 1194 612 1274 quod
644 1193 758 1256 rationi
790 1200 824 1255 et
846 1191 1009 1256 honestati
1040 1193 1215 1256 convenire
1239 1194 1429 1268 dinoscitur,
1459 1193 1568 1256 animo
1593 1213 1652 1255 nos
1675 1192 1773 1257 decet
1794 1192 1912 1258 libenti

236 1283 418 1347 concedere
448 1291 479 1346 et
507 1284 688 1365 petentium
718 1280 886 1344 desideriis
913 1303 1094 1364 congruum
1117 1282 1271 1364 impertiri
1294 1282 1492 1365 suffragium.
1539 1281 1732 1364 Eapropter‚
1763 1282 1874 1347 dilecti
1904 1280 1907 1362 l

235 1374 267 1435 in
297 1373 433 1437 domino
463 1371 529 1448 filii,
560 1373 676 1435 vestris
704 1371 795 1434 iustis
827 1372 1101 1453 postulationibus
1131 1371 1308 1434 clementer
1338 1372 1524 1447 annuimus,
1563 1380 1597 1433 et
1627 1371 1790 1454 prefatam
1820 1373 1912 1437 beati

235 1462 394 1525 Antonini
417 1461 596 1536 ecclesiam,
628 1462 660 1524 in
687 1480 752 1541 qua
774 1461 884 1523 divino
908 1461 1080 1543 mancipati
1104 1462 1182 1524 estis
1213 1461 1384 1542 obsequio,
1408 1461 1450 1524 ad
1474 1460 1645 1543 exemplar
1666 1462 1912 1543 predecessoris

236 1553 348 1628 nostri,
371 1552 458 1615 bone
474 1550 630 1614 memorie
645 1569 734 1633 pape
750 1549 938 1613 CELESTINI
955 1549 993 1634 ²),
1015 1551 1077 1613 sub
1101 1550 1187 1613 beati
1202 1551 1288 1613 Petri
1313 1558 1346 1613 et
1369 1558 1479 1614 nostra
1495 1551 1701 1632 protectione
1716 1551 1912 1633 suscipimus

236 1649 270 1704 et
298 1641 457 1723 presentis
486 1641 600 1722 scripti
628 1639 798 1721 privilegio
829 1642 1076 1702 communimus.
1121 1637 1328 1715 Statuentes,
1358 1647 1393 1702 ut
1423 1659 1648 1722 quascumque
1676 1642 1912 1721 possessiones,

237 1749 444 1811 quecumque
474 1730 562 1793 bona
593 1729 710 1792 eadem
741 1728 877 1792 ecclesia
907 1730 939 1791 in
969 1729 1204 1812 presentiarum
1236 1729 1319 1791 iuste
1349 1736 1383 1791 et
1412 1729 1569 1792 canonice
1600 1729 1759 1811 possidet,
1789 1737 1847 1792 aut
1878 1732 1911 1793 in

237 1818 380 1882 futurum
411 1819 622 1882 concessione
652 1817 864 1901 pontificum,
897 1818 1069 1900 largitione
1102 1839 1215 1901 regum
1247 1818 1300 1881 vel
1332 1819 1533 1901 principum,
1565 1817 1735 1882 oblatione
1766 1819 1911 1883 fidelium

236 1929 294 1972 seu
316 1908 386 1972 aliis
409 1909 499 1971 iustis
527 1907 634 1971 modis
657 1908 721 1970 deo
745 1907 888 1989 propitio
912 1910 1035 1990 poterit
1058 1909 1205 1990 adipisci,
1228 1906 1320 1970 firma
1343 1908 1439 1971 vobis
1463 1908 1645 1987 vestrisque
1667 1910 1913 1973 successoribus

236 2006 270 2061 et
285 1997 408 2061 illibata
423 2005 642 2080 permaneant.
687 1997 724 2060 In
748 1997 866 2078 quibus
888 1995 950 2083 hec
972 1997 1112 2079 propriis
1134 1996 1286 2061 duximus
1309 1997 1525 2079 exprimenda
1538 1997 1718 2061 vocabulis:
1740 1997 1912 2062 ecclesiam

237 2087 364 2150 scilicet
394 2087 491 2173 beate
514 2087 617 2173 Marie
647 2086 678 2148 in
702 2085 842 2162 Cortina,
873 2106 937 2173 que
967 2107 1074 2170 prope
1105 2087 1276 2150 ecclesiam
1304 2094 1491 2150 sanctorum
1524 2084 1683 2149 Antonini
1711 2094 1745 2149 et
1765 2087 1912 2151 Victoris

238 2185 416 2258 martyrum
437 2178 499 2239 sita
522 2183 581 2251 est,
604 2196 676 2238 cum
694 2176 806 2239 usibus
828 2183 863 2237 et
883 2176 1182 2252 consuetudinibus,
1197 2195 1280 2256 quas
1295 2177 1328 2238 in
1343 2175 1460 2239 eadem
1477 2174 1612 2263 ecclesia
1626 2175 1659 2237 in
1675 2176 1912 2258 presentiarum
1955 2210 1961 2220 ·

238 2268 337 2329 iustas
360 2264 484 2328 habere
506 2265 670 2339 videmini,
694 2273 730 2327 ut
752 2264 903 2328 videlicet
926 2267 958 2327 in
982 2266 1133 2329 omnibus
1155 2266 1252 2352 beate
1269 2265 1373 2328 Marie
1389 2264 1621 2328 festivitatibus
1636 2267 1767 2329 tertiam
1783 2273 1912 2348 partem

238 2354 447 2419 candelarum
470 2353 619 2418 habeatis
642 2362 742 2434 atque
770 2355 949 2417 secundum
978 2354 1147 2419 dominum
1171 2353 1297 2418 ibidem
1320 2356 1509 2418 sacerdotes
1532 2362 1565 2418 et
1588 2354 1724 2419 clericos
1746 2356 1914 2419 ordinetis.

235 2443 308 2508 Vos
332 2452 441 2507 autem
466 2451 499 2507 et
522 2443 659 2506 ecclesie
682 2451 789 2531 vestre
821 2445 969 2506 canonici
1002 2444 1047 2506 ob
1077 2445 1292 2508 reverentiam
1324 2444 1410 2507 beati
1432 2442 1615 2507 Anotonini
1646 2444 1791 2520 martiris,
1822 2447 1914 2508 cuius

237 2535 457 2597 sacratissimo
481 2552 621 2615 corpore
644 2534 716 2615 ipse
737 2532 828 2596 locus
857 2533 944 2614 prius
974 2534 1083 2596 extitit
1112 2535 1295 2611 decoratus
1324 2535 1356 2595 in
1386 2533 1482 2620 beate
1506 2534 1609 2617 Marie
1640 2532 1869 2614 purificatione
1885 2532 1914 2619 ⁸)

237 2626 343 2707 ipsam
368 2623 530 2705 capellam
553 2623 585 2684 in
608 2622 817 2704 processione
841 2625 934 2685 annis
957 2622 1089 2704 singulis
1111 2623 1292 2686 visitabitis.
1337 2621 1374 2684 In
1404 2624 1569 2686 territorio
1591 2621 1706 2710 Plitule
1738 2623 1913 2687 ecclesiam

238 2714 343 2776 sancti
365 2711 526 2776 Antonini
559 2713 699 2775 martiris
732 2733 806 2774 cum
836 2719 926 2774 sorte
957 2713 1081 2793 integra
1112 2720 1145 2774 et
1175 2711 1255 2775 dote
1284 2721 1319 2775 et
1349 2732 1423 2774 cum
1455 2711 1676 2775 oblationibus
1705 2711 1805 2776 totius
1826 2715 1915 2789 anni,

237 2801 552 2882 quemadmoduma
574 2800 662 2888 bone
686 2800 920 2864 recordationis
943 2801 1099 2876 Dionisio,
1122 2801 1310 2865 Placentino
1335 2802 1494 2884 episcopo
1510 2801 1547 2885 ⁴),
1570 2821 1630 2883 pro
1650 2800 1788 2865 ecclesia
1810 2803 1916 2866 sancti

238 2889 313 2972 Syri
337 2890 431 2953 vobis
455 2892 487 2954 in
511 2891 739 2954 concambium
765 2910 921 2953 concessa
952 2910 1025 2953 esse
1054 2891 1241 2965 dinoscitur,
1271 2892 1304 2954 in
1334 2911 1400 2970 qua
1428 2890 1578 2954 nimirum
1601 2890 1781 2953 secundum
1813 2890 1914 2956 deum

239 2980 410 3044 ordinandi
441 2979 604 3044 ministros
634 2980 735 3043 libera
765 2981 807 3042 sit
828 2980 921 3042 vobis
951 2978 1096 3043 facultas
1142 2982 1178 3043 ln
1207 2978 1383 3062 Gragnano
1416 2979 1576 3062 capellam
1609 2980 1712 3043 sancti
1742 2979 1915 3045 Michaelis

239 3090 312 3133 curn
344 3071 433 3132 omni
463 3089 522 3132 sua
552 3071 632 3133 dote
663 3076 696 3132 et
726 3070 827 3131 totius
856 3071 931 3131 anni
962 3068 1199 3146 oblationibuS,
1229 3090 1248 3130 a
1278 3069 1454 3132 venerabili
1487 3067 1586 3131 fratre
1618 3077 1730 3132 nostro
1752 3069 1915 3147 Arduino,

238 3159 427 3221 Placentino
444 3160 603 3242 episcopo
621 3155 655 3242 ⁶),
678 3159 816 3221 ecclesie
839 3167 945 3220 vestre
968 3156 1032 3221 hoc
1048 3161 1149 3223 modo
1165 3179 1365 3235 concessam,
1389 3166 1426 3221 ut
1445 3159 1475 3220 in
1491 3157 1608 3221 eadem
1624 3157 1750 3240 capella
1766 3162 1915 3241 ponendi

240 3247 373 3310 ciericos
401 3255 435 3310 et
465 3249 654 3311 removendi
677 3248 718 3311 sit
747 3248 849 3311 libera
880 3248 974 3311 vobis
998 3255 1145 3331 potestas
1177 3256 1210 3311 et
1232 3249 1274 3311 ad
1298 3268 1408 3311 sacros
1431 3247 1561 3310 ordines
1584 3267 1645 3311 suo
1668 3254 1821 3330 tempore
1842 3249 1915 3313 Pla·

239 3338 369 3400 centino
393 3338 553 3419 episcopo
584 3336 803 3419 presentandi.
848 3335 882 3398 A
905 3336 1003 3419 plebe
1025 3358 1104 3400 vero
1127 3338 1295 3401 Thunensi
1319 3338 1420 3420 ipsius
1444 3337 1508 3400 loci
1532 3336 1694 3418 presbiter
1716 3335 1857 3401 chrisma
1881 3347 1917 3402 et

240 3425 349 3489 oleum
372 3434 522 3488 sanctum
553 3427 717 3509 suscipiat,
742 3435 781 3490 'et
803 3434 937 3490 vocatus
961 3427 1003 3489 ad
1032 3425 1166 3489 letanias
1197 3435 1230 3489 et
1253 3427 1454 3508 baptismum
1476 3425 1550 3488 illuc
1573 3426 1699 3507 absque
1722 3427 1916 3492 conditione

239 3515 347 3595 aliqua
370 3514 479 3590 vadat,
502 3515 590 3579 salva
612 3515 751 3580 ecclesie
774 3524 881 3579 vestre
904 3517 936 3578 iu
960 3515 1112 3578 omnibus
1135 3516 1202 3579 aliis
1226 3517 1347 3580 iustitia
1371 3522 1404 3578 et
1427 3515 1614 3578 reverentia.
1661 3515 1696 3577 ln
1712 3515 1788 3579 villa
1804 3517 1916 3594 etiam,

239 3624 304 3686 que
334 3604 493 3668 Roncalia
523 3604 652 3680 dicitur,
685 3604 857 3692 ecclesiam
888 3605 976 3667 beati
1007 3603 1231 3669 Bartholomei
1261 3613 1295 3669 et
1324 3605 1426 3667 sancti
1456 3605 1609 3680 Victoris,
1640 3604 1729 3668 cuius
1762 3605 1914 3670 nimirum

239 3695 561 3758 amministrationem
602 3704 700 3775 atque
738 3694 976 3758 ordinationem
1017 3694 1112 3757 vobis
1143 3694 1324 3774 vestrisque
1359 3694 1603 3757 successoribus
1640 3702 1804 3776 perpetuo
1844 3697 1915 3759 iure

240 3783 461 3858 concedimus,
493 3804 534 3847 eo
558 3784 710 3848 videlicet
741 3784 864 3859 ordine,
895 3790 939 3859 ut,
970 3785 1025 3865 qui
1056 3782 1204 3847 habitum
1229 3784 1392 3866 religionis
1415 3783 1550 3846 induere
1581 3785 1670 3847 etin
1694 3783 1813 3847 eodem
1837 3783 1914 3850 loco

239 3873 375 3935 domino
399 3873 536 3936 militare
560 3873 773 3948 decreverint,
801 3894 820 3936 a
842 3874 1014 3955 preposito
1038 3871 1174 3936 ecclesie
1196 3874 1299 3936 sancti
1321 3870 1481 3937 Antonini
1511 3872 1562 3935 vel
1589 3873 1632 3936 ab
1660 3872 1727 3936 eius
1751 3873 1914 3951 fratribus,

239 3964 266 4025 si
289 3963 361 4044 ipse
383 3961 531 4039 defuerit,
554 3962 596 4026 ad
619 3962 845 4044 suscipiendos
867 3983 978 4025 sacros
1002 3962 1131 4025 ordines
1155 3982 1299 4045 congruo
1323 3970 1475 4044 tempore
1490 3982 1551 4044 per
1571 3961 1706 4025 eosdem
1722 3963 1914 4028 Placentino

240 4053 399 4133 episcopo
422 4060 658 4134 presententur.
705 4049 805 4133 Quod
828 4053 856 4115 si
883 4051 1019 4115 clericus
1041 4060 1097 4115 aut
1119 4053 1275 4115 sacerdos
1299 4052 1446 4116 eiusdem
1470 4050 1544 4128 loci,
1567 4051 1674 4134 culpis
1694 4053 1914 4135 exigentibus,

239 4139 335 4202 fuerit
372 4141 595 4224 corrigenduS,
643 4144 844 4223 competenti
881 4142 1087 4224 regularique
1124 4141 1293 4225 disciplina
1321 4141 1364 4204 ab
1404 4141 1524 4203 eodem
1556 4140 1725 4223 preposito
1763 4142 1815 4206 vel
1846 4142 1914 4206 eius

239 4228 393 4292 fratribus
432 4232 629 4313 corrigatur;
659 4232 686 4293 si
717 4250 812 4306 vero,
850 4251 931 4313 sepe
962 4232 1198 4306 commonitus,
1242 4229 1467 4312 incorrigibilis
1498 4232 1706 4312 apparuerit,
1743 4239 1913 4312 tamquam

239 4317 359 4381 inutilis
382 4327 416 4381 et
438 4320 630 4383 inobediens
662 4338 721 4402 per
753 4320 889 4383 eosdem
920 4322 1022 4403 ipsius
1054 4319 1116 4382 loci
1140 4319 1300 4383 beneficio
1333 4327 1368 4382 et
1399 4319 1566 4382 mansione
1590 4321 1744 4401 privetur.
1791 4318 1912 4384 Oleum

239 4427 372 4489 quoque
405 4417 439 4472 et
468 4408 606 4472 chrisma
630 4430 649 4472 a
672 4412 808 4472 matrice
840 4409 978 4472 ecclesia
1010 4409 1128 4491 prefati
1152 4408 1215 4472 loci
1239 4410 1394 4472 sacerdos
1417 4410 1566 4491 accipiat.
1614 4410 1769 4473 Decimas
1793 4419 1913 4487 autem,

239 4497 280 4559 ad
304 4497 437 4579 plebem
459 4497 502 4561 de
525 4495 700 4581 Sparuaria
728 4500 942 4580 pertinentes,
974 4497 1157 4561 nullatenus
1188 4518 1344 4580 usurpare
1367 4505 1549 4580 presumat;
1580 4499 1714 4580 insuper
1744 4500 1857 4575 etiam,
1885 4502 1912 4564 si

240 4586 311 4666 quis
342 4586 384 4649 de
415 4586 532 4650 eadem
561 4587 637 4651 villa
669 4588 880 4651 devotionem
911 4608 1003 4650 suarn
1033 4588 1064 4649 in
1096 4587 1297 4670 quibuslibet
1328 4587 1477 4651 iudicatis
1508 4587 1615 4650 eidem
1649 4587 1738 4670 plebi
1778 4589 1913 4653 exibere

239 4675 386 4752 voluerit,
409 4697 616 4759 nequaquam
644 4676 810 4758 impediat.
855 4677 892 4739 ln
921 4677 989 4739 aliis
1012 4697 1091 4739 vero
1123 4678 1277 4741 omnibus
1307 4677 1459 4750 ecclesia,
1492 4695 1599 4763 quea
1630 4676 1850 4741 fundamentis
1881 4679 1913 4741 in

238 4765 425 4847 supradicta
446 4765 602 4829 Roncalia
626 4788 645 4828 a
666 4767 760 4830 vobis
787 4774 973 4829 constructa
995 4774 1053 4841 est,
1077 4766 1178 4830 libera
1201 4768 1336 4829 omnino
1369 4765 1411 4828 ad
1435 4764 1605 4829 ecclesiam
1638 4766 1728 4829 beati
1750 4767 1913 4831 Antonini

240 4857 408 4936 pertineat,
438 4856 533 4931 ade0,
564 4864 599 4918 ut
628 4855 731 4918 nullus
755 4854 1007 4939 archipresbiter
1030 4858 1079 4918 ius
1103 4856 1273 4938 potestatis
1296 4855 1327 4917 in
1351 4854 1572 4937 spiritualibus
1596 4863 1652 4918 aut
1673 4857 1912 4939 temporalibus

239 4964 275 5007 se
298 4946 425 5007 noverit
452 4943 649 5008 habiturum.
697 4944 848 5008 Preterea
880 4964 994 5008 omnes
1020 4945 1099 5008 alias
1128 4945 1293 5008 libertates
1323 4965 1381 5008 seu
1411 4943 1619 5008 rationabiles
1649 4948 1912 5023 consuetudines,

239 5054 259 5096 a
281 5033 474 5097 Placentinis
497 5035 661 5117 episcopis
685 5034 824 5098 ecclesie
846 5043 954 5098 vestre
977 5054 1156 5109 concessas,
1187 5035 1312 5115 quietas
1335 5034 1430 5097 vobis
1462 5041 1495 5096 et
1525 5036 1668 5116 integras
1692 5033 1809 5098 futuris
1832 5044 1912 5100 tem·

240 5123 376 5205 poribus
408 5143 539 5186 manere
569 5124 785 5187 decernimus.
830 5124 942 5199 Porro,
971 5125 998 5185 si
1029 5144 1088 5187 vos
1120 5124 1244 5206 gravari
1277 5124 1511 5205 presenseritis,
1541 5122 1655 5186 sedem
1685 5125 1911 5205 apostolicam,

240 5231 305 5291 que
327 5213 499 5276 subvenire
521 5213 607 5276 solet
629 5213 802 5295 oppressis,
825 5213 919 5276 vobis
943 5213 1044 5276 libere
1062 5212 1156 5275 liceat
1179 5213 1353 5295 appellare.
1392 5210 1481 5276 Nulli
1496 5232 1575 5294 ergo
1592 5211 1724 5276 omnino
1741 5212 1911 5278 hominum

240 5300 289 5364 fas
320 5303 371 5377 sit,
402 5303 661 5385 prenominatam
693 5303 863 5366 ecclesiam
894 5312 1019 5366 temere
1043 5303 1244 5385 perturbare,
1274 5310 1331 5365 aut
1357 5301 1424 5365 eius
1452 5302 1676 5384 possessiones
1703 5302 1831 5367 auferre
1860 5302 1911 5367 vel

402 5498 427 5564 ι)
446 5497 494 5548 Die
505 5497 630 5563 Absclm'st
641 5497 716 5547 dieser
731 5497 848 5547 Urkunde
864 5498 921 5547 und
935 5497 984 5548 eine
997 5514 1079 5564 grosse
1092 5498 1170 5548 Pause
1188 5499 1313 5557 derselbm,
1332 5496 1452 5546 verdenke
1468 5496 1506 5545 ich
1518 5496 1603 5546 Herm
1625 5497 1684 5547 Can.
1702 5497 1775 5547 θανά)
1796 5497 1914 5549 Grandi

238 5586 268 5619 au
289 5568 416 5619 Piacenza.
526 5573 552 5633 2)
575 5571 634 5620 Urk.
662 5585 716 5618 vom
738 5573 752 5617 1
776 5570 880 5635 Januor
896 5573 976 5631 1144,
1007 5572 1049 5619 Or.
1075 5569 1108 5619 im
1133 5571 1207 5620 Arch.
1229 5569 1362 5634 capitolare
1385 5569 1412 5616 di
1428 5569 1454 5618 S.
1479 5567 1607 5618 Ammine.
1715 5573 1743 5635 3)
1761 5569 1872 5621 Febr-rear
1887 5572 1911 5621 2.

239 5645 267 5709 4)
285 5640 425 5709 Dionysius,
444 5641 548 5708 Br’sclrrs
560 5658 608 5691 von
628 5641 754 5701 Piacema,
773 5658 793 5694 c.
814 5644 881 5691 1049
897 5668 927 5679 -
943 5658 963 5692 c.
984 5644 1061 5692 1075.
1135 5643 1162 5707 5)
1180 5642 1286 5702 Arduin,
1306 5640 1410 5707 Birthas
1420 5655 1468 5690 von
1482 5639 1612 5704 Piacema,
1632 5659 1651 5693 c.
1671 5643 1742 5692 1118
1756 5669 1788 5681 -
1802 5659 1823 5695 c.
1836 5645 1911 5695 1147.
