3982 6194
1772 279 1828 340 131

160 444 290 506 Mamas
314 442 359 505 de
381 440 559 523 Lopolet0,
582 439 755 503 ecclesiam
779 437 881 501 sancti
904 435 1056 501 Iohannis
1080 440 1112 500 in
1131 438 1290 519 Tyriario,
1315 442 1485 505 ecclesiam
1510 444 1707 510 destructam
1731 450 1833 512 sancti

160 531 397 605 Bartholomei,
420 529 591 592 ecclesiam
615 530 716 592 sancti
740 525 872 591 Genesii
903 528 946 589 de
970 526 1112 602 Duliolo,
1142 529 1313 592 eeclesiam
1337 535 1440 595 sancti
1465 531 1609 596 Cassiani
1642 536 1684 599 de
1707 538 1833 613 Ronke‚

160 623 335 685 ecclesiam
364 622 407 683 de
429 618 638 694 Hermitario,
669 618 838 680 ecclesiam
869 617 912 678 de
944 624 1032 678 turre
1055 618 1135 691 Poii,
1165 619 1317 681 ecclesias
1349 621 1450 682 sancti
1472 622 1635 685 Laurentii
1668 634 1701 687 et
1731 630 1833 690 sancti

161 710 282 792 Quirici
315 712 358 773 de
388 710 512 784 Butrio,
544 708 716 771 ecclesiam
747 715 860 769 sancte
893 707 996 792 Marie
1027 706 1069 768 de
1102 705 1286 782 Castenase,
1318 710 1489 773 ecclesiam
1521 720 1633 774 sancte
1657 716 1759 802 Marie
1791 718 1832 779 de

160 802 276 873 Cento,
308 799 481 863 ecclesiam
512 798 615 860 sancti
644 796 797 859 Iohannis
828 796 872 858 de
898 794 1054 869 Policiao,
1086 796 1258 859 ecclesiam
1288 800 1389 860 sancti
1420 800 1570 881 Prosperi
1600 802 1643 865 de
1673 805 1831 879 Panicale,

160 891 335 954 ecclesiam
358 889 461 950 sancti
484 886 600 962 Rofilli,
634 884 804 949 ecclesiam
836 885 940 947 sancti
962 884 1077 947 Vitalis
1108 887 1141 947 in
1166 886 1339 962 Barbiano,
1370 889 1540 951 ecclesiam
1574 895 1676 954 sancti
1701 894 1831 957 MartIni

160 983 190 1043 in
213 978 395 1053 Pozatello,
419 975 588 1039 ecclesiam
612 983 723 1038 sancte
746 973 856 1049 Tecle,
880 972 1047 1036 ecclesiam
1072 978 1175 1037 sancti
1199 975 1368 1039 Michaelis
1391 979 1422 1039 in
1446 978 1631 1059 Leprosito,
1661 983 1831 1046 ecclesiam

159 1071 262 1132 sancti
286 1067 426 1141 Thome,
457 1074 491 1128 et
522 1065 693 1128 ecclesiam
724 1064 826 1126 sancti
855 1061 1031 1126 Clementis
1055 1062 1276 1129 Ferrariensis.
1322 1067 1537 1129 Decernimus
1569 1088 1657 1150 ergo,
1689 1082 1725 1134 ut
1754 1072 1830 1135 nulli

158 1161 295 1223 omnino
318 1155 492 1219 hominum
515 1155 620 1229 liceat,
645 1154 868 1235 supradictum
901 1154 1132 1216 monasterium
1164 1163 1288 1217 temere
1315 1156 1566 1237 perturbare..
1592 1208 1598 1220 .
1623 1206 1630 1219 .
1654 1161 1830 1243 profutura,

157 1248 243 1311 salva
274 1248 444 1310 diocesani
475 1245 624 1326 episcopi
656 1244 810 1305 canonica
834 1243 965 1305 iustitia.
1011 1238 1046 1304 Si
1079 1261 1144 1322 qua
1173 1244 1330 1325 igitur..
1356 1243 1552 1309 ..Cunctis
1581 1257 1690 1313 autem
1722 1251 1830 1313 eidem

156 1339 230 1401 loco
255 1358 317 1400 sua
341 1338 411 1400 iura
435 1333 638 1398 servantibus
662 1380 669 1394 .
695 1381 701 1394 .
725 1379 732 1393 .
756 1333 929 1394 inveniant.
975 1330 1094 1394 Amen.
1118 1332 1207 1395 A·m.
1229 1333 1349 1396 Amen.
1373 1368 1416 1379 -—

374 1424 430 1503 (R)
453 1423 526 1505 Ego
551 1421 742 1484 Anastasius
765 1419 926 1507 catholice
950 1421 1087 1508 ecclesie
1110 1424 1287 1504 episcopus
1311 1442 1351 1485 ss.
1375 1423 1438 1501 (M)

375 1511 395 1596 †
419 1513 493 1595 Ego
515 1512 656 1573 Ymarus
679 1510 883 1574 Tusculanus
906 1511 1084 1591 episcopus
1106 1530 1148 1572 ss
1173 1512 1220 1593 (1)

375 1600 395 1685 †
420 1602 493 1684 Ego
515 1601 614 1682 Hugo
638 1599 821 1663 Hostiensis
845 1600 1022 1681 episcopus
1045 1619 1086 1661 ss.
1111 1599 1159 1682 (9)

375 1727 421 1738 -
443 1688 463 1773 †
486 1689 560 1772 Ego
585 1686 859 1770 GG‚(GregorIus)
882 1688 1043 1770 presbiter
1065 1689 1238 1753 cardinalis
1257 1687 1287 1771 a)
1310 1691 1357 1752 tit.
1381 1689 1499 1755 Caliarti
1522 1713 1563 1756 ss.

417 1779 490 1862 Ego
515 1778 704 1842 Mansredus
727 1779 889 1860 presbiter
912 1777 1084 1840 cardinalis
1107 1779 1154 1842 tit.
1177 1787 1289 1867 sancte
1313 1780 1432 1867 Savine
1455 1800 1496 1843 ss.

419 1868 492 1951 Ego
515 1869 689 1932 Aribertus
712 1868 874 1950 presbiter
897 1866 1068 1929 cardiualis
1091 1870 1138 1930 tit
1162 1876 1273 1955 sancte
1295 1867 1470 1957 AnastasIe
1493 1890 1534 1933 ss.

375 1957 395 2041 †
419 1959 492 2041 Ego
515 1957 612 2020 Iulius
636 1957 798 2039 presbiter
819 1956 993 2019 cardinalis
1015 1959 1063 2019 tit.
1087 1957 1188 2020 sancti
1212 1958 1357 2020 Marcelli
1381 1978 1422 2021 ss.

375 2046 395 2130 †
418 2047 491 2130 Ego
515 2045 688 2109 Hubaldus
711 2047 874 2129 presbiter
896 2045 1069 2108 cardinalis
1092 2047 1138 2109 tit.
1161 2042 1285 2132 slancte
1309 2044 1430 2132 Crucis]
1454 2067 1496 2109 ss.

374 2135 395 2220 †
419 2137 492 2219 Ego
515 2136 674 2198 Iordanus
697 2135 860 2218 presbiter
882 2134 1056 2197 cardinalis
1078 2138 1127 2199 tit.
1149 2143 1260 2223 sancte
1283 2134 1429 2224 Susanna
1453 2157 1494 2198 ss.
1519 2133 1569 2220 (3)

374 2224 394 2309 †
419 2226 492 2307 Ego
517 2223 682 2288 Gerardus
713 2224 874 2306 presbiter
905 2224 1074 2287 cardinalis
1104 2227 1152 2287 tit.
1176 2226 1278 2288 sancti
1302 2223 1459 2307 Stephani
1482 2228 1514 2288 in
1538 2225 1630 2289 Celio
1654 2233 1766 2288 monte
1788 2247 1829 2290 sa.

374 2313 394 2398 †
419 2317 491 2396 Ego
516 2314 676 2377 Henricus
699 2313 863 2396 presbiter
885 2312 1054 2376 cardinalis
1077 2315 1125 2375 tit
1149 2322 1336 2377 sanctorum
1360 2314 1457 2377 Nerei
1481 2322 1514 2376 et
1537 2314 1676 2377 Achillei
1698 2336 1740 2377 ss

373 2441 418 2451 -
439 2402 460 2487 †
483 2405 556 2485 Ego
581 2400 659 2466 Odo
682 2403 838 2466 diaconus
862 2402 1036 2465 cardinalis
1058 2406 1162 2465 sancti
1187 2404 1320 2486 Georgii
1342 2405 1383 2466 ad
1407 2403 1527 2466 Velum
1551 2426 1684 2468 aureum
1707 2424 1748 2466 ss.

263 2489 266 2493 ’
373 2492 394 2577 †
418 2492 490 2575 Ego
515 2491 624 2555 Guido
647 2493 804 2555 diaconus
828 2490 999 2555 cardinalis
1022 2501 1135 2555 sancte
1159 2494 1262 2556 Marie
1286 2495 1318 2555 ln
1341 2494 1470 2556 Porticu
1493 2513 1535 2554 ss.

372 2584 393 2664 †
416 2581 489 2665 Ego
512 2583 654 2644 lacintus
677 2582 832 2644 diaconus
857 2579 1027 2644 cardinalis
1050 2590 1162 2644 sancte
1185 2583 1289 2645 Marie
1312 2584 1343 2645 in
1369 2580 1560 2663 Cosmydyn
1583 2603 1624 2644 ss.

372 2673 393 2753 †
417 2672 489 2753 Ego
513 2669 674 2734 Iohannes
698 2673 855 2734 diaconus
878 2669 1050 2733 cardinalis
1072 2680 1259 2734 sanctorum
1283 2669 1389 2752 Sergii
1414 2680 1447 2734 et
1469 2671 1569 2735 Bachi
1591 2692 1633 2734 ss.

372 2763 394 2842 †
416 2759 489 2843 Ego
514 2759 678 2823 Gerardus
701 2762 858 2824 diaconus
882 2760 1052 2823 cardinalis
1075 2770 1186 2847 sancte
1210 2760 1310 2847 MarIe
1335 2762 1366 2822 in
1390 2759 1454 2823 Via
1477 2760 1544 2823 lata
1565 2781 1607 2825 ss.

371 2852 393 2931 †
415 2852 489 2932 Ego
512 2849 667 2912 diaconus
691 2850 859 2912 cardinalis
882 2849 983 2911 sancti
1006 2846 1158 2912 Nicholai
1182 2852 1214 2912 in
1238 2869 1367 2912 carcere
1391 2850 1544 2913 Tulliano
1568 2870 1609 2911 ss.
1633 2846 1682 2931 (5)

318 2937 396 3002 Dat.
411 2939 574 3014 Laterani,
597 2958 658 3020 per
679 2959 809 3002 manum
831 2938 979 3012 Rolandi‚
1001 2947 1113 3001 sancte
1129 2940 1277 3025 Romane
1300 2938 1437 3027 ecclesie
1462 2940 1632 3022 presbiteri
1656 2936 1826 3000 cardinalis

165 3036 191 3088 et
212 3026 408 3091 cancellarii.
446 3041 496 3091 vn
511 3028 558 3091 Id.
574 3027 732 3091 Decemb.
770 3028 952 3091 Indictione
974 3030 1126 3092 secunda.
1165 3029 1399 3091 lncarnationis
1423 3030 1584 3092 dominice
1607 3049 1690 3091 anno
1707 3040 1827 3089 MCL111.

166 3114 373 3180 Pontificatus
395 3137 475 3181 vero
498 3117 612 3180 domni
635 3118 828 3180 ANASTASII
851 3118 911 3180 ΡΡ.
935 3132 987 3180 1111
1010 3138 1096 3180 anno
1120 3120 1236 3199 primo.
1262 3153 1302 3163 -

321 3231 364 3280 Or.
385 3232 418 3281 im
436 3231 549 3281 Archivio
567 3231 594 3279 di
610 3232 677 3280 Staio
694 3248 724 3279 zu
742 3233 858 3298 Balagna.

319 3303 389 3369 Perg.
408 3304 468 3362 ital,
491 3304 526 3353 br.
545 3304 630 3362 0,595,
655 3305 716 3369 lang
731 3306 783 3363 0,7,
807 3312 882 3353 unlen
899 3304 978 3363 0,038
1003 3303 1198 3368 umgesclrlagen‚
1223 3304 1301 3352 drach
1319 3307 1335 3354 2
1355 3305 1446 3353 deltcr
1464 3303 1527 3369 ging
1550 3303 1587 3351 die
1610 3304 1715 3361 Schnur,
1742 3302 1827 3350 caaltha

104 3392 106 3403 ·
166 3373 201 3420 arri
223 3374 277 3422 dem
304 3375 360 3423 Blci
383 3377 498 3424 veriores.
545 3374 652 3440 Fallung
675 3376 718 3424 der
744 3376 841 3424 Bullen.
878 3377 932 3424 Der
963 3375 1132 3439 Ilauptkdrpcr
1156 3376 1223 3438 fibla
1250 3392 1301 3425 arur
1328 3378 1414 3435 0,395.
1457 3374 1612 3439 Vererm'gung
1634 3375 1679 3423 Nr.
1709 3374 1826 3438 2Jhl'1.

165 3447 218 3492 l’ala
239 3446 288 3494 Nr.
309 3449 331 3505 1,
359 3447 393 3494 im
415 3446 590 3496 Durcbnesser
612 3448 699 3506 0,0dl.
737 3446 906 3513 Idomgramm
934 3447 1030 3510 Gruppe
1050 3450 1074 3505 4,
1101 3446 1160 3494 leuch
1185 3449 1278 3509 0,062,
1309 3448 1368 3496 dreit
1391 3448 1478 3506 0,033.
1515 3446 1663 3510 Ringkrcus,
1690 3445 1748 3494 Um-
1773 3445 1829 3492 und

167 3515 326 3582 thrascias!
342 3518 540 3569 decnklcrcDina
557 3520 594 3566 als
613 3517 737 3584 lmckn'st,
755 3519 891 3584 Ringkreus
907 3519 1035 3567 schwerere
1052 3518 1136 3567 Hand.
1155 3519 1284 3584 Datimng
1299 3536 1352 3567 vom
1370 3517 1658 3583 Haupckarperscareibcr,
1676 3518 1700 3565 R
1718 3517 1827 3565 li'olands

163 3587 227 3637 daria
250 3590 444 3656 nachgetragea,
470 3590 537 3638 wala!
556 3605 603 3638 von
621 3589 702 3638 Hand
722 3591 777 3638 und
792 3591 868 3639 Dinia
886 3590 929 3639 der
949 3590 1091 3654 Umschnst.
1128 3590 1307 3654 Zcugenfimren
1329 3591 1421 3639 rithren
1443 3590 1567 3638 thcilweisc
1582 3604 1630 3637 von
1647 3588 1826 3638 verschiedcncn

162 3659 263 3709 Handen
280 3662 332 3710 her.
372 3662 451 3711 (latter
472 3662 514 3710 der
531 3661 660 3726 Datirrmg
682 3662 746 3710 links
769 3661 831 3711 steht
854 3661 891 3709 die
908 3661 997 3710 Firma
1023 3660 1063 3710 des
1083 3658 1218 3726 Presbyters
1241 3662 1358 3711 Heinrich
1382 3662 1443 3711 nach
1470 3662 1561 3710 animal
1581 3661 1746 3727 eingetragna
1772 3676 1825 3709 ver·

162 3732 222 3780 dcckt
242 3748 299 3782 vom
321 3733 547 3799 Unigeschlagmen,
566 3733 632 3782 wohl
646 3749 695 3781 aaa
711 3737 817 3798 spaterer
833 3732 918 3785 Hand.

901 4017 968 4091 Nr.
999 4019 1082 4091 124.

157 4147 355 4214 Anastasius
371 4148 396 4212 I
401 4150 433 4213 V
438 4147 553 4213 nram!
577 4149 640 4214 das
662 4149 817 4234 Hospital
834 4171 895 4213 von
917 4147 1107 4230 Acqur'dotto
1131 4151 1148 4230 (
1151 4148 1189 4212 D.
1214 4149 1384 4229 Montana)
1410 4151 1443 4213 in
1466 4150 1695 4234 apostalisclzea
1711 4150 1828 4215 Schuta

157 4238 224 4301 und
243 4239 397 4322 bestdtigt
418 4240 506 4303 seiae
528 4239 765 4304 Besitatlu'a'mer
786 4239 859 4302 und
879 4238 1010 4317 Rechte,
1039 4240 1151 4319 wasic'r
1179 4259 1213 4302 es
1232 4239 1384 4322 jc'z'ltrlicla
1413 4240 1520 4320 scails
1542 4240 1673 4303 Denare
1700 4262 1743 4304 an
1773 4241 1828 4305 die

765 4326 869 4391 Kurie
889 4348 930 4391 zu
952 4328 1132 4392 entriclzten
1155 4329 1221 4392 leat.

744 4446 827 4507 1153
841 4443 1022 4508 December
1035 4445 1066 4506 9.
1098 4443 1248 4505 Lateran.

315 4578 508 4642 Anastasius
531 4581 715 4661 episcopus,
739 4598 849 4641 servus
872 4598 1040 4641 servorum
1064 4577 1126 4651 dei,
1158 4576 1285 4639 dilectis
1308 4575 1389 4650 filiis,
1413 4576 1549 4640 Iohanni
1572 4577 1666 4641 Bello
1699 4587 1732 4641 et
1754 4578 1826 4642 aliis

154 4668 311 4732 fratribus
327 4669 446 4731 domus
468 4666 639 4750 hospitalis
663 4667 705 4729 de
719 4667 819 4749 Aqua
841 4668 933 4742 duce,
956 4674 1024 4728 tam
1042 4666 1247 4748 presentibus
1264 4685 1362 4745 quam
1379 4665 1504 4744 futuris,
1528 4666 1708 4750 regularem
1724 4669 1825 4731 vitam

155 4756 767 4839 professis,m1>1>u.-tReligiosis
792 4757 960 4819 desideriis
985 4756 1119 4836 dignum
1152 4764 1201 4817 est
1233 4755 1362 4818 facilem
1395 4756 1533 4837 prebere
1557 4777 1759 4831 consensum,
1792 4766 1826 4819 ut

154 4846 260 4910 fidelis
292 4846 426 4909 devotio
457 4845 595 4909 celerem
627 4847 782 4908 sortiatur
811 4846 971 4909 effectum.
1021 4845 1216 4927 Eapropter,
1247 4845 1355 4907 dilecti
1387 4846 1420 4906 in
1451 4845 1586 4908 domiuo
1617 4845 1682 4920 filii,
1711 4847 1826 4908 vestris

154 4939 247 4999 iustis
272 4935 546 5018 postulationibus
569 4943 697 5017 gratum
721 4935 942 5017 impertientes
965 4953 1141 5009 assensum,
1172 4933 1334 5016 prefatum
1362 4932 1535 5015 hospitale,
1568 4936 1600 4997 In
1624 4954 1691 5014 quo
1715 4935 1825 4997 divino

154 5024 336 5108 mancipati
376 5026 454 5087 estis
484 5025 660 5104 obsequi0.
699 5025 741 5087 ad
781 5023 952 5105 exemplar
981 5024 1224 5106 predecessoris
1255 5025 1374 5097 nostrl,
1405 5022 1505 5086 felicis
1536 5025 1693 5087 memorie
1738 5044 1826 5106 pape

154 5115 310 5190 EUGenii,
333 5113 395 5176 sub
419 5113 507 5175 beati
528 5114 614 5176 Petri
636 5120 671 5176 et
692 5120 803 5176 nostra
827 5113 1030 5196 protectione
1057 5114 1251 5195 suscipimus
1274 5121 1308 5175 et
1330 5120 1485 5194 tanquam
1506 5115 1673 5195 propriam
1689 5115 1825 5176 domum

153 5207 256 5288 ipsius
280 5200 508 5285 apostolorum
532 5202 685 5286 principis
709 5204 869 5286 presentis
891 5202 1001 5284 scripti
1024 5202 1143 5284 pagina
1166 5201 1413 5265 communimus.
1459 5200 1656 5277 Statuentes,
1680 5211 1716 5265 ut
1732 5223 1825 5282 quas·

153 5314 297 5375 cumque
321 5294 558 5376 possessiones,
582 5312 789 5374 quecumque
811 5292 900 5354 bona
923 5291 1011 5354 idem
1035 5290 1198 5374 hospitale
1221 5293 1254 5354 in
1271 5293 1506 5372 presentiarum
1523 5293 1606 5354 iuste
1622 5298 1656 5354 et
1671 5293 1825 5355 canonice

153 5385 304 5467 possidet
327 5389 385 5445 aut
404 5383 437 5444 in
453 5381 595 5444 futurum
616 5381 826 5446 concessione
842 5380 1044 5463 pontificum,
1064 5379 1237 5462 largitione
1253 5400 1365 5462 regum
1382 5381 1434 5444 vel
1449 5383 1642 5463 principum,
1661 5380 1826 5445 oblatione

152 5473 298 5538 fidelium
338 5491 396 5536 seu
427 5469 496 5534 aliis
524 5473 617 5534 iustIs
649 5471 754 5534 modis
789 5471 853 5534 deo
889 5470 1030 5554 propitio
1061 5473 1184 5552 poterit
1211 5470 1361 5553 adipisci,
1398 5470 1490 5534 firma
1519 5472 1615 5535 vobis
1645 5472 1826 5554 vestrisque

314 5650 342 5718 a)
361 5647 496 5700 cardinalis
512 5647 573 5700 steht
588 5646 647 5698 tavei
661 5647 721 5711 mal,
739 5646 784 5697 das
800 5644 878 5698 suae
894 5649 948 5698 mal
961 5645 1149 5698 dmclstrichm.

1574 5727 1627 5792 17*
