3974 6188
376 442 398 520 †
421 440 497 523 Ego
521 437 632 503 Guido
655 443 767 501 sancte
789 435 940 498 Romane
963 432 1098 498 ecclesie
1121 431 1292 495 cardinalis
1315 431 1472 495 diaconus
1494 452 1537 495 ss.

378 528 399 611 †
422 528 497 612 Ego
523 527 669 592 Cinthius
692 526 849 589 diaconus
873 524 1046 587 cardinalis
1070 530 1180 585 sancte
1204 520 1354 585 Romane
1378 521 1514 610 ecclesie
1532 520 1562 602 ει)
1588 543 1630 586 ss.

325 616 402 680 Dat.
420 618 556 693 Biterbi,
580 637 639 700 per
661 635 793 679 manum
818 614 986 689 ROBERTI,
1009 620 1122 698 sancte
1144 610 1294 698 Romane
1318 611 1452 699 ecclesie
1475 610 1648 694 presbiteri
1672 612 1844 677 cardinalis

160 713 194 767 et
218 706 416 771 cancellarii.
456 721 495 772 111
517 706 572 770 Kl.
593 707 680 769 Maii.
719 703 900 767 indictione
924 716 995 767 v111.
1033 701 1268 764 lncarnationis
1291 701 1455 789 dominice
1479 721 1565 765 anno
1589 714 1720 767 MCXLV.
1760 704 1844 766 Pon·

159 792 305 858 tifieatus
329 816 409 860 vero
433 797 551 860 domni
575 793 729 858 EUGENn
750 808 790 857 111
813 813 900 881 pape
923 812 1008 855 anno
1033 792 1149 874 primo.
1173 826 1216 836 -

329 901 373 950 Or.
391 902 448 950 und
462 900 588 966 Abschn'st
604 900 637 949 im
655 898 769 950 Archivr'o
790 898 922 962 Cape'lolare
938 913 968 945 au
991 896 1105 945 Volterra.

331 972 374 1024 Or.
394 973 466 1038 Perg.
483 973 544 1032 ital,
563 973 599 1022 br.
619 973 706 1032 0,604,
725 972 784 1035 lang
800 971 869 1029 0,66,
887 976 961 1018 metm
979 969 1058 1028 0,038
1081 966 1275 1032 unegesrhlagen,
1301 965 1379 1015 durch
1402 965 1460 1016 araci
1475 967 1568 1018 L'o‘clter
1589 968 1647 1034 geht
1672 967 1709 1018 die
1733 969 1847 1036 hellgelbe

162 1040 357 1105 Seea'enselmrer,
383 1044 456 1094 deren
473 1044 530 1093 Blei
544 1046 660 1103 verloren,
685 1043 795 1107 Falteeng
812 1042 856 1089 der
872 1041 966 1090 Bullen.
1004 1038 1115 1088 Initiale:
1145 1037 1261 1103 ne'edrrges
1282 1038 1488 1106 Dappeffiogen-E.
1531 1039 1845 1108 Vemar'gungNr.1huu,

159 1113 225 1174 frillt
245 1116 335 1174 0305.
377 1117 425 1166 PP.
451 1115 574 1165 Celestini
601 1116 634 1163 im
656 1115 796 1178 Kansm'pte
822 1112 950 1177 halblang,
981 1113 1059 1160 Amen
1080 1110 1127 1159 Nr.
1153 1108 1204 1159 211¹.
1241 1109 1392 1174 Ringkreua,
1429 1110 1566 1178 Umschn'st
1593 1113 1648 1160 und
1681 1112 1848 1177 Umerschn'fl

159 1184 252 1248 gleiche
268 1187 346 1236 Diale
368 1186 414 1236 wie
426 1188 563 1251 Kommpt,
583 1186 702 1250 Inschrrfl
714 1202 778 1250 gana
790 1183 950 1233 abweichmde
964 1183 1029 1248 gelbe
1040 1183 1122 1242 Diale,
1144 1182 1188 1229 mit
1204 1182 1244 1229 νἸιν
1259 1181 1323 1229 auch
1340 1182 1383 1232 der
1394 1183 1548 1243 eiussenkreis
1561 1184 1679 1248 gemacht,
1704 1185 1848 1234 Imeenkreis

162 1270 212 1304 von
231 1256 276 1306 der
292 1258 403 1308 braunen
421 1258 625 1322 Imnscre'ptdinte,
650 1273 698 1306 van
715 1257 755 1305 ihr
766 1256 830 1305 auch
842 1256 887 1304 das
898 1255 1068 1320 Manogramm
1080 1254 1127 1302 Nr.
1142 1254 1181 1311 2b,
1200 1253 1258 1302 horle
1277 1255 1365 1313 0,057,
1383 1254 1418 1302 br.
1437 1257 1525 1315 0,045.
1555 1257 1617 1305 Rota
1635 1255 1683 1309 Nr.
1703 1260 1726 1316 1,
1746 1256 1848 1306 Durri-

163 1341 252 1376 messer
263 1331 354 1388 0,056.
385 1330 579 1395 Datirungvom
592 1328 843 1393 Imrucre'ptsclereiber‚
864 1327 971 1390 Eugenii
983 1326 1056 1374 darin
1068 1328 1094 1373 in
1105 1326 1194 1390 langen
1215 1324 1361 1373 encastum
1378 1325 1423 1374 mit
1438 1326 1573 1375 verziertem
1586 1327 1615 1387 E,
1635 1328 1740 1378 Roberti
1755 1327 1849 1395 gleielu

165 1398 250 1459 Divite,
263 1400 324 1449 doch
335 1401 369 1450 im
381 1401 564 1467 gavihnlichen
575 1401 694 1450 schweren
705 1400 812 1459 Duktees,
831 1399 882 1447 also
892 1396 1147 1462 wahlnaehgelragcn.
1184 1395 1277 1460 Zeugma
1296 1396 1386 1446 riilrrm
1402 1399 1513 1447 allevare
1530 1398 1573 1446 der
1591 1399 1786 1464 h'onscrr'pldr'nte
1796 1400 1847 1458 lter,

164 1485 217 1519 nur
239 1472 327 1522 Petrus
349 1472 374 1521 d.
396 1472 422 1525 S.
435 1473 517 1522 Marie
533 1474 558 1522 in
571 1473 670 1522 Portica
690 1487 738 1521 van
756 1471 872 1529 bellarm,
889 1471 933 1518 der
947 1474 1037 1536 grasste
1052 1468 1121 1517 Theil
1135 1468 1179 1516 der
1190 1465 1287 1516 hirmen
1298 1468 1407 1533 offendar
1422 1470 1485 1519 auch
1503 1477 1575 1519 tenter
1590 1470 1640 1520 sich
1653 1472 1743 1537 gla'che
1760 1473 1846 1522 Haud

930 1650 996 1724 Nr.
1029 1653 1089 1724 66.

166 1751 284 1837 Eugen
302 1756 369 1820 III
388 1756 539 1842 bestdtrgt
559 1757 633 1822 dem
658 1756 789 1821 Klaster
808 1752 910 1820 Sanc!
930 1756 1044 1820 Maria
1063 1753 1109 1818 r'm
1143 1753 1242 1817 Thale
1264 1753 1428 1836 Josaptat
1448 1754 1509 1836 (D.
1534 1754 1737 1839 Jerusalem)
1760 1756 1850 1820 seina

167 1841 411 1911 Besitathie'mer
432 1849 502 1912 und
521 1848 639 1912 nimmt
656 1869 690 1910 es
714 1847 775 1910 mit
790 1845 937 1909 Zubelehr
961 1846 994 1908 e'n
1014 1844 1244 1929 apostoliscleea
1266 1841 1396 1922 Setun,
1425 1844 1539 1924 wasitr
1559 1866 1593 1907 es
1605 1844 1755 1929 je'ilrrlr'clr
1778 1843 1850 1911 erite

612 1936 696 2003 Unze
714 1935 800 2000 Gold
810 1957 853 1999 an
868 1934 923 1999 die
941 1933 1045 1998 Kurie
1058 1955 1098 1998 au
1114 1933 1288 1997 eutrichten
1302 1932 1361 1996 hat
1378 1935 1414 2018 ¹).

800 2043 883 2105 1145
906 2041 982 2104 Mai
1003 2043 1032 2103 4.
1089 2038 1222 2106 Viterbo.

269 2220 273 2228 ι
334 2145 500 2229 Eugenius
530 2150 719 2232 episcopus,
752 2169 864 2212 servus
896 2167 1063 2211 servorum
1094 2146 1155 2222 dei,
1188 2146 1309 2209 dilecto
1341 2144 1408 2208 filio
1433 2143 1584 2222 Guidoni,
1615 2145 1727 2211 abbati
1756 2148 1851 2212 vallis

167 2227 336 2315 Iosaphat,
368 2236 503 2320 eiusque
534 2238 696 2313 fratribus,
728 2246 795 2302 tam
827 2237 1033 2320 presentibus
1063 2256 1161 2315 quam
1193 2234 1317 2310 futuris,
1349 2234 1528 2318 regularem
1551 2238 1651 2300 vitam
1683 2238 1850 2320 professis,

167 2318 434 2405 inperpetuum.
479 2327 705 2392 Possessiones
730 2337 763 2390 et
790 2328 880 2391 bona
903 2325 1121 2389 ecclesiastica
1144 2326 1342 2407 patrimonia
1366 2343 1547 2407 pauperum
1578 2335 1654 2389 sunt
1686 2336 1719 2390 et
1743 2331 1852 2410 pretia

167 2419 394 2488 peccatorum.
439 2414 483 2479 Et
507 2417 582 2481 ideo
606 2439 625 2481 a
649 2416 737 2480 nullo
762 2417 885 2479 debent
907 2415 1041 2478 distrahi
1065 2414 1132 2476 sive
1157 2413 1319 2495 occupari,
1341 2422 1392 2477 set
1415 2414 1457 2476 ad
1481 2434 1566 2491 usus,
1588 2416 1631 2480 ad
1648 2436 1732 2498 quos
1747 2417 1848 2480 desti·

167 2506 246 2562 nata
269 2511 355 2579 sunt,
380 2503 506 2568 illibata
526 2507 654 2570 servari.
701 2504 787 2588 Quia
811 2526 890 2587 ergo
915 2524 957 2567 ex
980 2506 1126 2567 iniuncto
1144 2501 1239 2566 nobis
1256 2524 1275 2565 a
1290 2504 1356 2566 deo
1372 2502 1482 2566 officio
1498 2503 1664 2581 incumbit,
1689 2507 1847 2569 ecclesias

166 2605 245 2651 cum
269 2593 338 2654 suis
362 2596 563 2675 pertinentiis
587 2596 766 2671 defensare,
789 2593 916 2658 utilitati
931 2602 1037 2655 vestre
1054 2595 1086 2655 in
1102 2600 1269 2674 posterum
1286 2591 1506 2675 providentes,
1530 2592 1700 2658 ecclesiam
1716 2594 1847 2677 ligionis

167 2694 245 2741 cum
263 2681 436 2762 parrochia
452 2693 486 2747 et
501 2685 644 2748 decimas
661 2687 762 2768 ipsius
778 2684 850 2760 loci,
867 2691 899 2746 et
915 2683 1077 2745 decimam
1089 2681 1212 2744 Thanis
1228 2703 1247 2745 a
1261 2682 1440 2758 Bernardo,
1458 2684 1618 2765 episcopo
1631 2681 1795 2748 Nazareth
1809 2685 1846 2763 ¹),

167 2765 212 2828 ad
246 2788 332 2852 opus
365 2770 535 2856 hospitalis
567 2775 685 2837 domus
708 2782 815 2836 vestre
840 2772 934 2835 vobis
954 2769 981 2854 b)
1005 2790 1211 2849 concessam;
1251 2774 1283 2834 in
1308 2768 1432 2852 Sycilia
1462 2773 1495 2835 in
1524 2771 1608 2847 loco,
1641 2775 1696 2852 qui
1728 2774 1849 2837 dicitur

167 2852 402 2937 Paternonum,
432 2861 602 2927 ecclesiam
627 2871 737 2926 sancte
761 2862 865 2925 Marie
889 2861 999 2924 matris
1022 2859 1156 2933 domini,
1188 2869 1221 2923 et
1243 2861 1348 2934 aliam,
1378 2869 1491 2924 sancte
1514 2861 1617 2924 Marie
1640 2863 1847 2945 Magdalene,

167 2944 232 3007 sub
255 2949 332 3031 ipso
356 2960 464 3015 castro
479 2952 583 3028 sitam,
607 2954 648 3015 ad
672 2951 843 3034 exemplar
865 2950 1108 3034 predecessoris
1131 2952 1240 3023 nostri,
1265 2950 1364 3013 beate
1387 2950 1620 3014 recordationis
1644 2973 1732 3035 pape
1750 2952 1848 3016 Inno-

169 3037 278 3112 centii,
310 3038 371 3103 sub
402 3041 489 3105 beati
513 3043 599 3106 Petri
631 3041 734 3106 tutela
766 3049 799 3104 et
829 3047 939 3103 nostra
968 3039 1156 3102 defensione
1180 3041 1384 3122 suscipimus
1429 3038 1485 3103 Ad
1509 3040 1660 3105 indicium
1681 3039 1711 3123 c)
1735 3050 1848 3105 autem

169 3136 332 3210 percepte
354 3127 449 3194 huius
472 3151 491 3193 a
514 3131 664 3194 Romana
688 3129 824 3193 ecclesia
847 3128 1003 3192 libertatis
1026 3130 1094 3191 auri
1119 3130 1247 3191 unciam
1272 3129 1366 3191 nobis
1395 3131 1580 3212 nostrisque
1602 3131 1848 3195 successoribus

169 3214 263 3278 annis
286 3219 422 3301 singulis
439 3221 637 3302 persolvetis.
685 3217 902 3301 Quecumque
920 3216 945 3297 θ)
960 3237 1039 3281 vero
1059 3216 1088 3296 d)
1113 3237 1172 3300 per
1187 3218 1348 3281 autentica
1364 3218 1635 3301 predecessorum
1651 3229 1847 3294 nostrorum,

170 3302 330 3371 videlieet
353 3308 455 3372 felicis
478 3311 636 3373 memorie
659 3306 822 3372 Paschalis
842 3306 872 3390 e)
896 3316 929 3369 et
951 3306 1130 3370 innocentii
1147 3307 1176 3391 ⁴)
1200 3308 1379 3389 privilegia,
1412 3315 1479 3371 tam
1504 3309 1536 3370 in
1559 3308 1714 3386 ecclesiis,
1747 3330 1846 3390 quam

171 3389 203 3453 in
229 3395 368 3462 decimis
391 3407 424 3461 et
447 3399 517 3462 aliis
540 3398 632 3462 vobis
656 3417 812 3461 concessa
835 3395 885 3459 vel
909 3397 1100 3460 confirmata
1123 3404 1206 3472 sunt,
1238 3397 1332 3460 vobis
1356 3406 1389 3459 et
1412 3416 1471 3480 per
1493 3418 1553 3461 vos
1576 3399 1685 3461 eidem
1708 3398 1847 3463 ecclesie

171 3478 271 3548 beate
287 3486 391 3552 Marie
414 3489 457 3551 de
479 3486 563 3552 valle
577 3485 734 3569 iosaphat
749 3506 809 3569 per
824 3488 983 3568 presentis
998 3486 1109 3568 scripti
1125 3485 1275 3567 paginam
1299 3485 1537 3562 confirmamus,
1560 3486 1651 3551 salva
1666 3487 1847 3571 apostolice

171 3573 261 3636 sedis
277 3577 471 3641 auctoritate
487 3575 522 3662 ὁ).
560 3577 773 3640 Decernimus
790 3595 878 3658 ergo,
903 3583 938 3639 ut
953 3574 1029 3637 nulli
1046 3575 1178 3637 omnino
1195 3574 1364 3638 hominum
1380 3575 1483 3651 liceat,
1506 3597 1565 3640 vos
1583 3578 1705 3642 exinde
1721 3586 1847 3661 pertur-

172 3660 262 3742 bare,
288 3669 440 3743 minuere,
464 3666 589 3731 auferre
605 3674 661 3730 aut
676 3667 858 3728 temerariis
874 3664 1103 3728 vexationibus
1119 3663 1265 3745 fatigare.
1305 3662 1340 3728 Si
1357 3665 1427 3744 quis
1444 3674 1553 3729 autem
1569 3667 1633 3730 hoc
1648 3675 1847 3749 attemptare

172 3758 417 3903 ppesumpserit,
442 3759 521 3821 iram
545 3755 599 3819 dei
624 3755 857 3837 omnipotentis
880 3755 1029 3829 incurrat,
1053 3762 1086 3816 et
1102 3751 1318 3817 anathematis
1334 3757 1496 3818 sententie
1511 3754 1689 3820 subiaceat.
1728 3755 1849 3820 Amen.

210 3862 295 3909 men.
318 3845 438 3913 Amen.

388 3933 443 4020 (R)
466 3934 539 4017 Ego
563 3933 729 4016 Eugenius
752 3930 911 3994 catholice
936 3931 1071 3994 ecclesie
1095 3932 1272 4013 episcopus
1294 3951 1334 3993 ss.
1360 3928 1425 4016 (M)

387 4024 408 4105 †
431 4025 504 4107 Ego
528 4022 700 4087 Conradus
723 4022 913 4086 Sabinensis
937 4020 1112 4103 episcopus
1134 4040 1175 4082 ss.

387 4113 407 4195 †
430 4115 503 4196 Ego
525 4109 766 4175 Theodewinus
790 4118 901 4173 sancte
924 4109 1039 4173 Rufine
1063 4112 1239 4193 episcopus
1262 4129 1302 4171 ss.

388 4204 409 4278 †
432 4200 505 4285 Ego
529 4199 706 4284 Gregorius
729 4199 892 4281 presbiter
915 4199 1086 4262 cardinalis
1110 4201 1158 4261 tit.
1183 4197 1303 4262 Calixti
1327 4219 1367 4261 ss.

388 4290 409 4373 †
432 4290 505 4372 Ego
528 4289 675 4353 Thomas
698 4289 860 4371 presbiter
883 4287 1051 4351 cardinalis
1074 4288 1120 4351 tit.
1145 4287 1283 4352 Vestine
1305 4308 1347 4351 ss.

387 4379 407 4461 †
431 4378 503 4463 Ego
528 4379 717 4443 Mansredus
742 4379 904 4460 presbiter
928 4378 1101 4441 cardinalis
1124 4379 1174 4440 tit.
1198 4386 1309 4440 sancte
1333 4378 1453 4442 Savine
1476 4399 1517 4441 ss.

386 4472 407 4547 †
431 4470 503 4552 Ego
526 4467 674 4531 Villanus
699 4467 861 4550 presbiter
884 4467 1055 4530 cardinalis
1078 4469 1125 4529 tit.
1148 4469 1251 4530 sancti
1268 4464 1428 4548 Stephani
1452 4468 1485 4530 in
1509 4467 1599 4532 Celio
1624 4476 1738 4532 monte
1762 4491 1803 4531 ss.

386 4561 407 4638 †
429 4557 502 4641 Ego
527 4555 703 4640 Gregorius
726 4557 881 4619 diaconus
905 4555 1076 4619 cardinalis
1100 4565 1286 4618 sanctorum
1310 4554 1416 4639 Sergii
1440 4566 1473 4619 et
1495 4555 1597 4620 Bachi
1620 4578 1662 4620 ss.

385 4647 406 4728 )
430 4647 501 4729 Ego
528 4644 629 4709 Oddo
653 4647 809 4708 diaconus
834 4645 1003 4708 cardinalis
1026 4646 1129 4708 sancti
1154 4644 1286 4726 Georgii
1310 4647 1351 4709 ad
1374 4645 1494 4710 Velum
1518 4667 1652 4710 aureum
1676 4667 1718 4709 ss.

387 4735 407 4818 †
431 4737 504 4818 Ego
529 4734 638 4800 Guido
662 4737 820 4797 diaconus
844 4733 1013 4797 cardinalis
1036 4741 1223 4797 sanctorum
1249 4733 1370 4798 Cosme
1394 4743 1427 4798 et
1449 4736 1600 4799 Damiani
1622 4756 1664 4798 ss.

333 4825 408 4888 Dat.
425 4825 550 4889 Biterbi
571 4823 610 4904 s),
634 4844 694 4906 per
717 4845 847 4887 manum
863 4824 1009 4898 Roberti‚
1032 4831 1143 4886 sancte
1160 4824 1308 4888 Romane
1332 4825 1468 4888 ecclesie
1485 4825 1656 4908 presbiteri
1674 4825 1845 4889 cardinalis

174 4919 207 4972 et
231 4913 421 4978 cancellarii.
459 4930 510 4978 1111
529 4912 562 4997 t)
584 4913 699 4977 Nonas
723 4914 810 4976 Maii.
849 4914 1031 4977 Indictione
1055 4925 1126 4976 v111.
1166 4913 1399 4977 lncarnationis
1422 4915 1587 4979 dominice
1610 4935 1697 4977 anno
1715 4927 1845 4979 mcxlv.

173 5002 384 5066 Pontificatus
407 5024 485 5067 vero
510 5003 621 5066 domni
645 5002 783 5084 Eugenii
807 5017 845 5065 111
869 5022 956 5085 pape
980 5022 1065 5064 anno
1089 5003 1205 5084 primo.

336 5107 378 5158 Or.
401 5108 437 5167 (S.
459 5108 557 5157 Placido
575 5108 621 5156 Nr.
643 5110 702 5168 177)
724 5107 758 5156 im
776 5107 890 5157 Archivr'a
909 5107 1065 5157 distarem
1085 5107 1202 5156 Palerma.

333 5181 389 5229 Das
411 5180 535 5246 Bleisiegel
550 5178 582 5228 is!
600 5181 715 5228 verlarm.

332 5305 357 5367 a)
371 5302 462 5351 eclesie
534 5301 560 5367 b)
567 5301 636 5366 fehlt
647 5303 673 5352 in
685 5304 734 5352 Dr.
806 5309 830 5359 ct
844 5303 1016 5351 iudiciumDr.
1090 5301 1117 5362 dl
1130 5315 1190 5349 vero
1203 5304 1307 5366 qneDr.
1381 5302 1407 5365 e)
1416 5303 1525 5352 Pascalis
1533 5304 1581 5352 Dr.
1655 5301 1675 5359 1)
1685 5301 1790 5351 Vilerbii
1799 5304 1844 5351 Dr.

173 5372 201 5436 g)
222 5371 258 5420 111
278 5373 326 5422 Dr.
345 5403 398 5413 »-
419 5377 455 5436 .1)
480 5373 527 5421 Die
549 5374 674 5440 Abschn'st
697 5374 772 5423 dieser
797 5375 913 5423 Urkunde
936 5373 1055 5422 aerdanke
1078 5372 1116 5421 ich
1140 5372 1193 5421 dere
1216 5374 1301 5423 Herm
1333 5374 1422 5428 Coram.
1452 5375 1608 5440 Giuseppe
1635 5374 1655 5423 S
1661 5374 1800 5424 ilvestri
1821 5375 1846 5421 ire

174 5443 291 5493 Palermo.
306 5471 338 5482 -
352 5445 440 5494 Druck
458 5460 505 5493 von
524 5445 663 5506 Delaborde,
692 5445 790 5495 Chartes
808 5446 836 5494 de
859 5447 931 5495 Terre
949 5445 1031 5494 Sainte
1053 5443 1126 5508 (Bibl.
1144 5444 1184 5492 des
1204 5442 1276 5494 e'coles
1295 5446 1437 5508 Franfaelres
1457 5444 1584 5496 d'Atlrirus
1600 5451 1622 5495 ee
1642 5447 1671 5494 de
1682 5447 1756 5494 Rome
1768 5445 1844 5507 XIX)

167 5520 195 5578 p.
220 5517 260 5566 68.
314 5517 391 5583 Vergl.
415 5517 478 5566 auch
501 5516 538 5564 die
566 5517 626 5567 Urk.
649 5533 704 5567 vom
728 5519 744 5567 5
768 5518 843 5581 April
864 5520 938 5568 1142.
1049 5518 1075 5579 2)
1102 5515 1229 5578 Bernard,
1264 5518 1368 5581 Bisthof
1383 5535 1431 5567 van
1456 5518 1590 5578 Nazareth,
1616 5533 1635 5565 c.
1663 5517 1844 5568 nto-1129.

173 5586 200 5648 3)
224 5587 310 5637 Dieser
322 5589 411 5638 Parnes
421 5588 455 5638 be's
471 5588 629 5641 decemimus
632 5589 702 5656 fehlt
718 5589 744 5640 in
756 5590 800 5639 der
809 5602 1038 5655 varangcgangmen
1053 5587 1169 5636 Urlmnde
1186 5587 1350 5640 Innocenaens.
1424 5592 1452 5654 4)
1474 5589 1535 5640 Urk.
1553 5590 1637 5638 vane?
1652 5589 1757 5654 Januar
1771 5590 1845 5641 1113.

173 5660 199 5723 5)
224 5658 285 5710 Urk.
306 5675 360 5710 vom
383 5662 415 5710 18
437 5659 493 5709 Mai
514 5662 589 5710 1140.
