3982 6194
1800 270 1836 337 15

155 439 283 503 diocesi
308 447 392 514 sunt,
417 438 589 521 accipiant,
614 437 661 500 ita
682 447 802 514 tamen,
826 437 853 500 si
877 437 1053 522 episcopus
1076 438 1234 502 canonice
1250 438 1418 503 ordinatus
1435 440 1530 504 suerit
1544 451 1579 504 et
1593 441 1839 508 ordinacionem

154 530 259 612 gratis
276 529 385 593 facere
400 529 552 606 voluerit;
575 529 625 591 sin
641 537 751 591 autem
767 527 891 609 aliquid
906 528 1023 592 horum
1038 529 1210 604 obstiterit,
1235 529 1340 592 abbas
1356 550 1430 592 cum
1446 530 1582 594 licencia
1597 542 1631 595 et
1646 535 1839 598 auctoritate

157 619 304 682 Romani
327 616 504 701 pontificis,
535 617 577 680 ad
607 615 878 699 qualemcumque
907 618 1105 682 catholicum
1136 618 1329 700 episcopum
1359 619 1406 682 eis
1436 619 1603 702 placuerit,
1635 642 1733 685 causa
1762 644 1839 687 con·

157 708 358 772 secracionis
380 718 415 771 et
437 707 658 771 ordinacionis
681 717 750 770 tam
773 707 929 784 locorum,
958 727 1057 789 quam
1081 727 1293 790 personarum
1317 708 1451 773 licenter
1472 721 1597 793 pergat.
1643 713 1696 774 De
1719 722 1837 790 cetero,

159 798 285 862 nullam
317 795 460 879 amplius
490 797 665 879 episcopus
696 797 730 858 in
758 796 909 878 predicto
942 798 1141 861 monasterio
1172 807 1371 878 potestatem
1410 799 1532 863 habeat
1569 821 1676 882 neque
1707 822 1838 866 excom-

159 887 351 950 municandi
371 885 402 970 ⁸)
425 894 482 949 aut
504 885 719 950 interdicendi
743 896 800 949 aut
823 886 865 948 ad
893 886 1047 950 sinodum
1070 887 1219 950 vocandi.
1266 888 1338 950 Hec
1369 887 1467 969 igitur
1497 890 1616 966 omnia,
1648 911 1713 972 que
1743 890 1838 955 huius

159 977 310 1060 precepti
335 976 524 1057 decretique
548 976 650 1039 nostri
673 975 796 1057 pagina
819 976 974 1052 continet,
999 977 1044 1039 im
1060 987 1255 1059 perpetuum
1271 977 1432 1041 servanda
1447 978 1659 1047 decernimus.
1706 980 1740 1045 Si
1766 983 1838 1063 quis

159 1066 258 1149 igitur
280 1085 405 1148 regum,
428 1067 672 1147 imperatorum,
695 1062 912 1142 sacerdotum,
943 1065 1142 1142 clericorum,
1166 1066 1308 1128 iudicum
1338 1087 1377 1128 ac
1399 1068 1592 1131 secularium
1615 1089 1836 1151 personarum,

159 1156 245 1219 hanc
269 1155 520 1218 constitucionis
543 1164 654 1218 nostre
676 1155 833 1236 paginam
856 1175 1047 1236 agnoscens,
1071 1165 1186 1218 contra
1209 1175 1283 1218 eam
1305 1157 1477 1220 temerario
1502 1177 1580 1220 ausu
1603 1160 1713 1222 venire
1733 1171 1837 1243 temp·

159 1246 287 1320 raverit,
320 1244 496 1327 potestatis
518 1242 719 1325 honorisque
740 1245 789 1306 sui
814 1243 974 1325 dignitate
1002 1255 1119 1322 careat,
1150 1265 1306 1326 reumque
1338 1266 1373 1308 se
1404 1247 1515 1310 divino
1546 1247 1667 1310 iudicio
1698 1250 1837 1312 existere

159 1334 202 1397 de
224 1343 417 1417 perpetrata
440 1333 611 1415 iniquitate
634 1343 823 1415 cognoscat,
847 1344 881 1396 et
903 1334 963 1397 nisi
988 1354 1035 1411 ea,
1066 1356 1129 1417 que
1153 1335 1195 1397 ab
1220 1334 1275 1397 illo
1306 1346 1381 1399 sunt
1404 1336 1489 1398 male
1520 1336 1639 1412 ablata,
1663 1339 1839 1402 restituerit

159 1423 210 1487 vel
235 1424 339 1506 digna
361 1423 550 1506 penitencia
572 1422 683 1486 illicite
705 1433 780 1486 acta
803 1422 980 1499 defleverit,
1010 1445 1030 1486 a
1052 1425 1271 1487 sacratissimo
1298 1444 1437 1506 corpore
1460 1445 1499 1488 ac
1521 1427 1679 1508 sanguine
1703 1428 1836 1505 domini,

160 1511 381 1595 redemptoris
404 1512 506 1575 nostri
530 1510 602 1575 Iesu
626 1511 759 1586 Christi,
784 1512 907 1576 alienus
931 1512 997 1588 fiat,
1028 1524 1127 1595 atque
1158 1515 1190 1577 in
1222 1523 1335 1576 eterno
1359 1515 1510 1578 examine
1543 1516 1688 1579 districte
1717 1516 1836 1580 ulcioni

159 1602 339 1666 subiaceat.
386 1600 522 1664 Cunctis
552 1611 672 1678 autem,
703 1601 811 1665 eidem
841 1602 917 1665 loco
949 1602 1032 1666 iusta
1062 1603 1281 1679 servantibus,
1313 1604 1355 1667 sit
1383 1625 1451 1687 pax
1484 1604 1608 1668 domini
1640 1607 1742 1668 nostri
1765 1606 1836 1669 Iesu

160 1690 290 1768 Christi,
315 1700 477 1773 quatenus
500 1690 609 1754 ethic
633 1690 772 1754 fructum
800 1690 890 1755 bone
919 1692 1062 1755 accionis
1091 1693 1276 1775 percipiant
1308 1702 1341 1756 et
1369 1693 1459 1775 apud
1483 1694 1664 1758 districtum
1695 1695 1837 1759 iudicem

162 1782 291 1863 premia
314 1791 427 1867 eterne
449 1781 541 1863 pacis
564 1781 739 1844 inveniant

320 1871 447 1933 Datum
476 1890 536 1952 per
566 1890 681 1933 manus
707 1869 802 1946 Petri,
835 1869 1016 1933 cancellarii
1050 1880 1148 1952 atque
1178 1871 1361 1936 cardinalis.
1405 1870 1507 1935 Anno
1539 1873 1704 1938 dominice
1735 1876 1835 1939 incar·

159 1960 308 2022 nacionis
332 1958 505 2022 millesimo
527 1960 772 2042 septuagesimo
796 1970 923 2023 octavo.
969 1959 1181 2023 Pontificatus
1204 1981 1282 2024 vero
1307 1961 1420 2024 domni
1445 1962 1593 2043 Gregorii
1617 1984 1706 2046 pape
1730 1977 1779 2028 vn
1803 1977 1836 2029 V.

161 2063 196 2111 vl
218 2049 296 2112 Idus
321 2049 446 2112 Marcii.
492 2049 680 2113 indiccione
702 2063 723 2113 1.

320 2163 523 2228 Iripdalrrrkrmde
544 2179 591 2212 mes
614 2163 659 2213 der
681 2163 776 2212 merim
797 2162 885 2229 Hdlstc
907 2163 948 2214 des
967 2167 1000 2214 12
1024 2163 1210 2231 Jahrkunderls
1232 2166 1276 2214 der
1303 2164 1427 2215 Collection
1445 2164 1551 2216 Morbios
1573 2182 1621 2217 von
1639 2166 1767 2228 Maliand,
1792 2185 1837 2218 arr·

158 2235 259 2300 gedeus!
276 2234 356 2284 durch
373 2235 459 2285 Herm
483 2235 678 2300 iir'lmersddrser
693 2242 734 2285 etc.
753 2235 780 2284 in
798 2235 934 2286 Miinchm.

161 2380 197 2427 als
212 2377 266 2426 “M
282 2306 494 2428 angppmsesierpns
514 2307 688 2373 wulgelmdm
707 2305 815 2356 Inbelles
835 2308 892 2356 und
912 2309 957 2357 der
971 2308 1181 2375 rengnudlnlicleen
1201 2308 1312 2375 Stellrmg
1334 2309 1378 2359 der
1395 2309 1544 2360 Darumuile
1569 2310 1636 2360 rmrd
1662 2311 1700 2360 die
1720 2309 1837 2362 Urkunde

917 2665 984 2742 Nr.
1019 2669 1076 2742 16.

165 2810 288 2898 Gregor
306 2811 383 2879 Vll
398 2816 580 2881 unterstellt
598 2815 672 2881 dem
695 2815 779 2881 Abte
794 2815 948 2880 Richard
970 2838 1031 2881 von
1054 2815 1113 2880 St..
1124 2815 1229 2881 Victor
1247 2817 1287 2881 de
1310 2817 1482 2882 Marseille
1503 2818 1573 2882 und
1591 2820 1701 2885 seinen
1724 2818 1832 2885 Nach-

158 2903 288 2988 solgern
303 2904 358 2969 die
371 2903 501 2970 Klo'ster
511 2905 898 2991 Montmajour·lez·Arles
912 2905 986 2971 und
998 2905 1460 2972 Notre·Damc·de-la·Grasse
1472 2906 1530 2991 (D.
1551 2906 1783 2997 Carcassonne)
1799 2914 1832 2994 ¹).

803 3042 887 3106 1081
900 3039 1003 3124 April
1014 3043 1065 3105 18.
1097 3040 1189 3105 Rom.

319 3173 496 3257 Gregorius
512 3176 695 3258 episcopus
712 3197 822 3240 servus
837 3196 1005 3240 servorum
1020 3177 1082 3253 dei,
1107 3177 1228 3241 dilecto
1245 3177 1276 3239 in
1294 3174 1423 3241 Christo
1439 3176 1506 3241 filio
1522 3177 1675 3256 Ricard0,
1699 3191 1833 3244 sanctae

163 3264 331 3328 Romanae
361 3266 519 3328 ecclesiae
551 3266 706 3329 cardinali
729 3267 892 3330 sacerdoti
923 3277 1022 3348 atque
1054 3266 1167 3329 abbati
1192 3266 1395 3343 Massiliensi,
1429 3269 1560 3349 suisque
1592 3271 1833 3333 successoribus

162 3354 349 3437 regulariter
375 3355 616 3437 promovendis,
650 3356 682 3419 in
713 3366 918 3438 perpetuum.
963 3356 1057 3419 Licet
1080 3356 1251 3438 apostolici
1283 3376 1344 3419 nos
1374 3357 1477 3438 apicis
1508 3378 1585 3421 cura
1616 3379 1677 3440 pro
1709 3361 1832 3422 cunctis

162 3444 353 3526 generaliter
376 3445 521 3510 ecclesiis
543 3445 678 3527 vigilare
701 3465 740 3508 ac
762 3466 823 3527 pro
848 3446 995 3509 omnium
1017 3455 1103 3508 statu
1125 3446 1178 3509 vel
1202 3445 1436 3509 restauratione
1462 3446 1620 3510 sollicitos
1651 3468 1721 3511 esse
1745 3469 1832 3512 com-

161 3544 302 3610 moneat,
336 3533 398 3597 illis
421 3546 532 3598 tamen
555 3535 732 3623 praecipue
756 3535 836 3598 locis
859 3545 1006 3599 nostram
1029 3554 1140 3598 curam
1162 3534 1335 3616 specialius
1359 3534 1558 3599 exibendam
1589 3537 1833 3619 perpendimus,

162 3643 242 3704 quae
266 3622 329 3689 sub
344 3624 517 3690 Romanae
532 3623 647 3688 tutella
666 3624 753 3687 sedis
774 3626 951 3688 constituta
973 3625 1093 3688 scimus
1116 3633 1219 3688 status
1241 3625 1289 3687 sui
1307 3624 1598 3702 confirmationem,
1623 3637 1834 3708 augmentum

160 3713 207 3775 vel
231 3714 475 3777 restitutionem
497 3713 540 3778 ab
564 3713 626 3777 hac
657 3713 863 3796 potissimum
895 3714 1040 3790 ecclesia,
1073 3715 1162 3777 cuius
1191 3715 1266 3777 iuris
1296 3724 1383 3791 sunt,
1415 3724 1599 3796 expectare.
1644 3715 1731 3797 Quia
1755 3737 1833 3798 ergo

160 3802 323 3883 quaedam
340 3804 545 3880 monasteria,
570 3803 707 3867 alterum
724 3803 756 3865 in
771 3803 950 3880 Provincia,
974 3802 1128 3866 videlicet
1146 3804 1250 3867 sancti
1266 3804 1360 3879 Petri,
1386 3804 1477 3885 quod
1494 3805 1610 3867 dicitur
1625 3806 1667 3867 ad
1684 3806 1833 3868 Montem

160 3892 327 3968 maiorem,
351 3903 385 3955 et
408 3893 544 3956 alterum
568 3893 601 3955 in
618 3890 823 3956 Carcassensi
840 3893 1034 3974 episcopatu
1057 3902 1190 3956 sanctae
1211 3893 1335 3957 Mariae
1358 3893 1399 3955 de
1415 3892 1539 3969 Crassa,
1567 3913 1651 3975 quae
1674 3894 1717 3957 ad
1740 3894 1834 3958 huius

158 3981 244 4045 sedis
268 3981 496 4046 defensionem
519 3983 681 4065 pertinere
704 3982 894 4064 propriique
917 3982 993 4045 iuris
1016 3982 1084 4045 eius
1108 4002 1179 4045 esse
1202 3992 1388 4058 noscuntur,
1412 3983 1478 4046 iam
1502 3983 1624 4046 dudum
1640 3983 1833 4048 secularium

159 4070 398 4135 monachorum
429 4072 526 4153 culpa
557 4092 578 4134 a
607 4071 772 4153 religionis
802 4071 932 4134 tramite
962 4069 1111 4134 deviasse
1144 4071 1370 4148 intelleximus,
1403 4092 1442 4135 ea
1471 4072 1648 4136 reformare
1676 4074 1719 4136 ad
1750 4073 1832 4156 lapsi

158 4159 288 4224 decoris
319 4161 465 4243 speciem
493 4160 590 4224 valde
620 4181 691 4224 esse
721 4161 938 4224 necessarium
970 4161 1130 4224 duximus.
1180 4159 1268 4224 Satis
1303 4161 1390 4224 enim
1421 4161 1594 4225 decencius
1624 4170 1724 4243 atque
1757 4183 1832 4226 con·

157 4249 346 4314 veniencius
369 4271 441 4314 esse
471 4250 666 4328 decernitur,
699 4249 864 4313 destructa
892 4250 1059 4313 restituere
1090 4261 1123 4313 et
1150 4247 1192 4312 ad
1215 4250 1354 4332 gradum
1376 4271 1470 4314 suum
1501 4251 1647 4333 collapsa
1670 4249 1833 4329 reducere,

158 4359 258 4420 quam
281 4340 315 4403 in
339 4339 515 4404 dilatandis
537 4340 589 4404 vel
612 4339 741 4403 noviter
763 4339 955 4402 edificandis
978 4359 1114 4422 operam
1142 4340 1228 4402 dare.
1275 4339 1488 4422 Quapropter
1517 4341 1560 4403 ad
1590 4342 1834 4422 praedictorum

157 4429 306 4493 locorum
329 4430 599 4494 restaurationem
614 4429 780 4512 religionis
795 4439 870 4492 tuae
886 4429 1095 4510 prudentiam
1119 4428 1291 4511 perutilem
1307 4430 1515 4506 arbitrantes,
1540 4429 1616 4493 licet
1631 4440 1665 4494 tu
1682 4451 1833 4512 quorum-

156 4519 234 4582 dam
262 4519 447 4601 proborum
469 4521 613 4583 virorum
643 4519 795 4601 precibus
825 4519 994 4582 adortatus
1026 4519 1151 4600 absque
1181 4518 1313 4581 licentia
1343 4529 1455 4582 nostra
1485 4519 1527 4581 de
1557 4540 1670 4583 eorum
1701 4532 1834 4584 curate

156 4609 300 4671 nolueris
324 4609 547 4686 intromittere,
571 4629 632 4673 nos
655 4618 766 4672 tamen
790 4608 973 4672 censuimus
996 4628 1056 4690 per
1079 4618 1168 4671 tuam
1191 4628 1480 4690 successorumque
1504 4618 1633 4672 tuorum
1656 4609 1833 4673 sollertiam

156 4697 321 4775 iratribus,
338 4699 371 4760 in
384 4699 509 4763 eisdem
521 4700 669 4763 cenobiis
682 4698 838 4778 deinceps
851 4698 1017 4773 mansuris,
1034 4706 1228 4779 perpetuam
1241 4696 1395 4780 regularis
1406 4698 1494 4760 vitae
1507 4699 1833 4780 circumspectionem

154 4787 341 4869 providere.
397 4787 553 4863 Proinde,
591 4789 678 4852 circa
714 4786 842 4870 presata
879 4787 1076 4850 monasteria
1111 4785 1337 4849 sollicitudinis
1368 4798 1500 4850 nostrae
1528 4789 1634 4850 vicem
1666 4787 1832 4852 dilectioni

154 4888 284 4941 vestrae
300 4877 518 4954 comittentes,
533 4878 684 4941 volumus
700 4886 799 4958 atque
814 4877 1042 4958 praecipimus,
1059 4886 1094 4939 ut
1110 4876 1142 4938 in
1160 4876 1214 4950 eis,
1232 4896 1316 4957 quae
1332 4878 1535 4958 amputanda
1546 4887 1629 4953 sunt,
1647 4879 1832 4960 amputetis

156 4986 309 5048 quaeque
339 4968 540 5049 corrigenda,
575 4966 744 5050 corrigatis
781 4975 830 5042 et,
864 4986 948 5047 quae
981 4964 1041 5029 illis
1072 4966 1114 5028 de
1144 4965 1336 5047 disciplinae
1375 4977 1490 5029 tenore
1526 4967 1695 5043 defuerint,
1725 4978 1833 5031 vestra

153 5056 326 5139 vigilantia
348 5067 383 5120 et
414 5056 527 5120 labore
557 5057 798 5120 confirmentur.
844 5055 1023 5130 Praeterea,
1055 5055 1208 5137 quotiens
1238 5073 1351 5117 eorum
1383 5066 1524 5118 rectores
1555 5057 1704 5132 obierint,
1735 5059 1832 5121 vestri

154 5147 198 5208 sit
219 5145 331 5222 studii,
355 5145 437 5209 alios
459 5167 534 5209 cum
558 5166 735 5210 conssensu
759 5144 1021 5226 probabiliorum
1044 5143 1178 5207 fratrum
1201 5143 1243 5206 de
1274 5143 1389 5206 eadem
1418 5146 1682 5227 congregatione,
1713 5147 1740 5208 si
1765 5146 1832 5209 fieri

153 5245 275 5317 potest,
300 5236 351 5298 sin
375 5245 485 5298 autem
508 5236 649 5312 aliunde,
681 5234 861 5299 secundum
885 5234 982 5296 deum
1006 5243 1039 5297 et
1062 5234 1207 5315 regulam
1230 5234 1333 5297 sancti
1356 5234 1528 5297 Benedicti
1552 5234 1691 5298 abbates
1714 5235 1834 5317 eligere

154 5325 268 5407 ibique
298 5325 502 5402 substituere,
535 5345 619 5407 quos
649 5326 692 5389 ab
726 5323 781 5388 illo
813 5323 989 5405 episcope,
1023 5324 1055 5386 in
1087 5324 1176 5386 cuius
1208 5323 1332 5386 diocesi
1363 5323 1496 5399 suerint,
1528 5325 1554 5387 si
1586 5325 1627 5388 ab
1661 5325 1723 5387 hac
1753 5326 1832 5388 sede

154 5415 460 5478 excommunicatus
474 5414 526 5478 vel
542 5416 741 5479 simoniacae
757 5412 910 5476 hereseos
927 5412 1061 5476 infamia
1076 5423 1208 5476 notatus
1223 5432 1290 5475 non
1307 5413 1376 5489 erit,
1400 5415 1601 5477 ordinandos
1621 5414 1831 5478 decrevimus.

315 5611 342 5675 a)
362 5609 576 5662 excomunicandi.
596 5649 649 5656 -
668 5612 704 5679 ,1)
730 5608 776 5660 Die
802 5606 925 5673 Absderist
951 5608 1026 5657 al'eser
1046 5607 1163 5658 Urbmde
1189 5609 1310 5659 verdanke
1336 5608 1374 5658 ici
1401 5610 1454 5658 dem
1484 5609 1568 5659 Herm
1593 5608 1716 5664 Archebar
1742 5608 1833 5659 Felix

153 5680 315 5730 Ruinaud
330 5697 361 5730 ru
379 5680 508 5732 Marseillr.
