3982 6194
1778 276 1839 338 103

153 454 189 505 et
211 443 304 505 beati
329 441 466 505 Eusebii
490 440 628 504 ecclesie
651 439 846 505 exhibendis
869 441 953 503 inter
975 459 1035 502 vos
1059 447 1093 501 et
1116 442 1293 502 canonicos
1315 443 1417 524 ipsius
1440 442 1580 506 ecclesie
1602 452 1786 509 statuerunt
1808 456 1841 510 et

151 533 279 614 scripto
304 529 516 593 firmaverunt
535 531 571 608 ¹),
603 530 724 594 favoris
755 531 858 592 nostri
883 530 1062 592 munimine
1085 528 1314 592 confirmantes
1347 531 1563 606 decernimus,
1595 542 1630 595 ut
1658 536 1839 598 secundum

154 621 327 700 antiquam
351 619 621 682 consuetudinem
644 640 704 683 vos
728 627 761 681 et
783 637 989 681 successores
1012 618 1109 680 vestri
1141 619 1173 679 in
1204 617 1350 699 predicta
1381 619 1516 682 ecclesia
1543 621 1696 685 ordinarii
1714 623 1739 704 ²)
1771 626 1841 687 sitis

155 719 190 772 et
213 708 436 773 ecclesiastica
458 710 597 789 negocia
629 729 702 771 cum
736 707 795 771 illis
818 705 949 770 insimul
978 707 1191 788 pertractetis.
1238 704 1424 770 Sanctimus
1455 711 1563 784 etiam,
1595 720 1630 772 ut
1659 713 1690 773 in
1723 714 1839 775 eadem

156 800 256 861 beate
280 797 386 860 Marie
408 795 547 858 ecclesia
570 797 697 877 absque
720 798 872 879 episcopi
895 804 929 858 et
952 798 1117 858 communi
1149 803 1205 858 aut
1236 799 1372 859 sanioris
1404 798 1504 879 partis
1533 797 1668 862 fratrum
1693 803 1839 865 eiusdem

153 887 297 950 ecclesie
326 904 488 948 consensu
520 886 626 948 nullus
656 897 799 969 ponatur
820 887 891 948 sive
913 886 1089 947 canonicus
1112 892 1282 947 statuatur.
1328 885 1544 949 Decemimus
1575 907 1664 970 erg0,
1698 899 1734 952 ut
1765 890 1840 953 nulli

157 979 296 1039 omnino
319 974 488 1037 hominum
519 972 624 1050 liceat,
655 975 815 1057 prefatam
846 972 1018 1037 ecclesiam
1051 981 1175 1036 temere
1206 974 1397 1055 perturbare
1427 983 1484 1037 aut
1514 977 1582 1039 eius
1613 981 1840 1059 possessiones

157 1065 288 1129 auferre
310 1062 364 1126 vel
386 1062 512 1126 ablatas
525 1064 673 1138 retinere,
697 1064 842 1126 minuere
858 1071 914 1125 aut
929 1061 1093 1141 aliquibus
1109 1062 1338 1125 vexationibus
1355 1064 1501 1145 fatigare,
1516 1066 1574 1127 sed
1592 1068 1700 1129 omnia
1717 1070 1841 1150 integra

154 1162 394 1217 conserventur
408 1170 532 1227 eorum,
548 1173 610 1235 pro
626 1172 766 1232 quorum
784 1152 1023 1234 gubernatione
1040 1152 1099 1229 (et)
1115 1151 1350 1214 sustentatione
1366 1172 1522 1215 concessa
1537 1163 1620 1231 sunt,
1644 1156 1755 1218 usibus
1773 1177 1839 1219 orn·

158 1243 302 1306 nimodis
326 1239 508 1324 profutura,
531 1241 620 1305 salva
644 1243 792 1324 episcopi
816 1241 914 1303 vestri
937 1242 1093 1302 canonica
1117 1242 1307 1302 reverentia.
1352 1241 1409 1303 Ad
1433 1242 1590 1305 indicium
1613 1253 1723 1306 autem
1747 1244 1840 1307 huius

154 1353 177 1394 a
200 1333 283 1394 sede
305 1329 489 1412 apostolica
512 1339 670 1413 percepte
694 1331 911 1413 protectionis
934 1329 1109 1392 bizantium
1129 1349 1262 1392 aureum
1279 1328 1372 1392 nobis
1393 1331 1576 1410 nostrisque
1596 1334 1840 1396 successoribus

159 1421 252 1483 annis
274 1417 410 1500 singulis
438 1418 641 1500 persolvetis.
686 1419 722 1484 Si
753 1438 819 1498 qua
848 1420 945 1500 igitur
972 1419 1005 1480 in
1038 1417 1181 1480 futurum
1214 1418 1435 1481 ecclesiastica
1465 1420 1661 1484 secularisve
1690 1442 1839 1504 persona,

158 1509 243 1572 hanc
268 1517 381 1572 nostre
403 1509 645 1570 constitutionis
662 1507 814 1590 paginam
831 1509 946 1582 sciens,
969 1513 1084 1568 contra
1100 1525 1171 1568 eam
1187 1514 1312 1570 temere
1327 1509 1439 1570 venire
1454 1512 1674 1591 temptaverit,
1694 1513 1839 1574 secundo

158 1601 301 1662 tertiove
324 1596 535 1671 commonita,
560 1597 585 1658 si
608 1617 675 1660 non
697 1595 920 1660 satisfactione
943 1615 1087 1677 congrua
1110 1597 1343 1672 emendaverit,
1366 1599 1539 1678 potestatis
1569 1597 1770 1679 honorisque
1792 1603 1840 1662 sui

156 1689 322 1769 dignitate
351 1694 461 1747 careat
491 1705 647 1768 reamque
674 1705 711 1748 se
733 1686 844 1748 divino
868 1684 990 1747 iudicio
1015 1686 1157 1746 existere
1180 1686 1222 1747 de
1252 1693 1440 1767 perpetrata
1472 1687 1640 1767 iniquitate
1664 1698 1842 1770 cognoscat

156 1787 192 1838 et
214 1797 234 1839 a
257 1775 480 1838 saeratissimo
513 1794 652 1857 corpore
682 1795 721 1838 ac
752 1773 908 1856 sanguine
939 1775 993 1836 dei
1026 1781 1060 1835 et
1087 1773 1218 1847 domini,
1250 1774 1468 1856 redemptoris
1491 1778 1593 1838 nostri
1617 1776 1688 1839 Iesu
1713 1777 1840 1849 Christi,

157 1866 262 1928 aliena
286 1864 353 1941 fiat,
376 1872 476 1943 atque
499 1865 532 1925 in
555 1872 705 1927 extremo
729 1865 883 1926 examine
906 1864 1052 1925 districte
1077 1861 1192 1924 ultioni
1215 1862 1389 1925 subiaceat
1434 1863 1566 1926 Cunctis
1589 1874 1708 1941 autem,
1733 1868 1840 1930 eidem

155 1954 232 2017 loco
256 1956 345 2016 iusta
367 1952 582 2028 servantibus,
604 1954 646 2015 sit
668 1973 736 2034 pax
758 1952 882 2014 domini
906 1953 1008 2014 nostri
1032 1950 1104 2013 lesu
1130 1949 1260 2025 Christi,
1282 1961 1442 2031 quatenus
1466 1961 1498 2015 et
1521 1952 1574 2015 hic
1595 1952 1735 2017 fructum
1752 1956 1840 2018 bone

155 2043 296 2106 actionis
327 2041 510 2125 percipiant
540 2051 573 2103 et
603 2050 684 2124 aput
715 2042 899 2104 districtum
930 2041 1072 2103 iudicem
1102 2043 1228 2121 premia
1252 2049 1364 2102 eterne
1388 2042 1476 2123 pacis
1500 2042 1672 2105 inveniant.
1718 2043 1839 2107 Amen.

155 2131 278 2195 Amen.
302 2131 424 2195 Amen.

377 2218 438 2289 le
463 2219 536 2300 Ego
559 2219 726 2300 Eugenius
750 2215 912 2280 catholice
935 2218 1071 2280 ecclesie
1095 2218 1271 2299 episcopus
1294 2238 1335 2279 ss
1361 2219 1428 2295 (Ml

377 2304 398 2387 †
421 2305 495 2388 Ego
517 2309 641 2370 lmarus
665 2306 919 2369 Tusculanensis
943 2306 1118 2388 episcopus
1141 2326 1182 2367 ss.
1367 2320 1370 2326 ’

376 2394 397 2476 †
420 2395 494 2477 Ego
517 2394 673 2458 Nicolaus
696 2394 892 2458 Albanensis
916 2397 1092 2477 episcopus
1115 2415 1157 2456 ss.

375 2485 396 2566 †
419 2483 493 2566 Ego
517 2483 692 2547 Hubaldus
716 2485 879 2565 presbiter
902 2483 1072 2546 cardinalis
1094 2484 1141 2545 tit.
1164 2489 1277 2545 sancte
1302 2481 1456 2544 Praxedis
1479 2503 1521 2544 ss.

376 2573 397 2656 †
420 2572 493 2654 Ego
518 2573 707 2636 Manfredus
731 2573 894 2655 presbiter
916 2572 1088 2635 cardinalis
1112 2579 1225 2634 sancte
1249 2568 1367 2634 Savine
1389 2590 1430 2634 sa.

375 2662 398 2741 †
420 2663 494 2744 Ego
518 2660 693 2724 Aribertus
716 2661 879 2743 presbiter
903 2660 1074 2724 cardinalis
1096 2662 1144 2722 tit.
1168 2669 1279 2722 sancte
1303 2659 1477 2723 Anastasie
1500 2680 1541 2722 ss.

376 2751 398 2832 †
421 2749 494 2832 Ego
516 2751 614 2813 lulius
637 2751 800 2833 presbiter
822 2750 993 2813 cardinalis
1016 2752 1063 2813 tit.
1087 2752 1189 2812 sancti
1214 2748 1360 2811 Marcelli
1383 2768 1424 2810 ss.

376 2840 397 2921 †
420 2841 494 2920 Ego
518 2838 628 2903 Guido
652 2839 814 2922 presbiter
837 2838 1009 2901 cardinalis
1032 2841 1080 2901 tit.
1105 2838 1246 2901 Pastoris
1269 2857 1310 2899 ss.

375 2929 397 3010 †
419 2928 493 3010 Ego
518 2926 717 2991 Octavianus
740 2928 903 3010 presbiter
926 2927 1097 2991 cardinalis
1119 2929 1167 2990 tit.
1191 2935 1302 2988 sancte
1325 2925 1446 2989 Cecilie
1470 2945 1511 2987 ss

376 3018 398 3094 †
420 3015 494 3098 Ego
518 3016 699 3080 Rollandus
723 3017 886 3099 presbiter
909 3016 1081 3079 cardinalis
1105 3018 1153 3078 tit.
1176 3017 1279 3078 sancti
1304 3015 1407 3077 Marci
1431 3034 1472 3076 ss.

376 3105 493 3188 †Ego
519 3104 683 3169 Gerardus
706 3105 867 3188 presbiter
898 3105 1067 3167 cardinalis
1090 3107 1138 3167 tit.
1169 3106 1272 3166 sancti
1297 3101 1457 3185 Stephani
1489 3105 1520 3165 in
1545 3101 1636 3165 Celio
1661 3112 1773 3164 monte
1797 3122 1839 3163 ss.

375 3195 397 3276 †
420 3196 493 3277 Ego
516 3193 678 3258 Iohannes
694 3215 819 3276 paparo
843 3193 1004 3277 presbiter
1027 3194 1197 3256 cardinalis
1221 3195 1268 3255 tit.
1284 3195 1387 3255 sancti
1403 3192 1567 3254 Laurentii
1588 3192 1619 3253 in
1634 3193 1780 3255 Damaso
1797 3210 1838 3252 ss.

375 3285 398 3356 'r
420 3284 493 3366 Ego
518 3281 601 3346 Otto
625 3284 783 3346 diaconus
807 3283 978 3346 cerdinalis
1001 3284 1104 3346 sancti
1129 3282 1261 3363 Georgii
1286 3283 1328 3344 ad
1352 3280 1472 3344 Velum
1496 3301 1630 3343 aureum
1652 3302 1694 3343 ss

375 3373 398 3450 †
421 3370 493 3456 Ego
518 3370 696 3454 Gregorius
720 3373 876 3435 diaconus
899 3371 1073 3434 cardinalis
1096 3373 1199 3434 sancti
1223 3369 1344 3451 Angeli
1368 3389 1408 3432 ss.

373 3461 396 3540 †
419 3459 491 3543 Ego
515 3460 678 3524 Iohannes
701 3461 858 3523 diaconus
882 3460 1052 3523 cardinalis
1075 3467 1188 3522 sancte
1211 3459 1316 3522 Marie
1339 3478 1424 3520 nove
1446 3477 1487 3519 ss.

375 3546 397 3631 †
420 3549 493 3631 Ego
518 3549 628 3614 Guido
651 3551 809 3614 diaconus
832 3550 1004 3612 cardinalis
1027 3557 1140 3611 sancte
1164 3548 1268 3611 Marie
1290 3548 1321 3609 in
1345 3547 1474 3610 Porticu
1498 3566 1539 3608 ss.

373 3638 396 3717 †
418 3636 491 3721 Ego
514 3638 657 3701 Iacintus
681 3640 840 3701 diaconus
863 3638 1035 3701 cardinalis
1058 3646 1168 3700 sancte
1193 3638 1297 3699 Marie
1320 3637 1352 3698 in
1376 3634 1571 3716 Cosmydyn
1593 3654 1634 3696 ss.

376 3724 397 3808 †
421 3726 494 3810 Ego
517 3726 678 3790 lohannes
702 3728 860 3789 diaconus
884 3727 1056 3790 cardinalis
1079 3733 1265 3789 sanctorum
1290 3725 1393 3807 Sergii
1418 3731 1451 3785 et
1474 3723 1575 3786 Bachi
1598 3743 1639 3784 ss.

320 3813 398 3876 Dat.
414 3816 588 3892 Ferentini,
612 3837 672 3898 per
696 3835 826 3879 manum
842 3817 994 3891 Bozonis,
1016 3825 1129 3878 sancte
1151 3814 1301 3877 Romane
1324 3813 1463 3876 ecclesie
1486 3813 1661 3893 scriptoris.
1701 3825 1737 3875 vl
1752 3810 1838 3874 Non.

156 3902 246 3966 Maii.
296 3901 479 3968 Indictione
510 3919 595 3968 xn11.
640 3906 872 3968 incarnationis
912 3904 1075 3968 dominice
1114 3923 1198 3966 anno
1229 3915 1321 3965 alcu.
1374 3900 1584 3965 Pontificatus
1615 3922 1692 3964 vero
1726 3903 1838 3964 domni

156 3990 299 4073 Eugenii
323 4009 363 4054 111
387 4013 474 4076 pape
496 4015 584 4057 anno
609 4005 667 4057 vn.

321 4105 389 4155 Zwer'
404 4107 496 4171 Iibpien
514 4109 555 4157 des
575 4110 608 4158 15
630 4106 732 4171 Jahrb„
751 4106 785 4156 im
803 4106 918 4157 Archivio
939 4107 1073 4172 Capitolare
1088 4122 1119 4153 zu
1143 4105 1248 4154 Vercellr'.

906 4440 973 4515 ΝΥ.
1004 4443 1090 4515 102.

155 4592 272 4675 Eugen
290 4590 358 4655 III
376 4591 493 4654 nimmt
513 4592 575 4656 das
590 4589 800 4675 Dmnkapitel
819 4610 879 4653 von
895 4588 1050 4740 ligantuah
1057 4589 1094 4651 in
1116 4587 1347 4716 appstolisclun
1368 4585 1486 4650 §clarite
1507 4585 1576 4649 und
1596 4586 1746 4668 bestcitigt
1768 4585 1837 4650 itm

798 4680 886 4742 seina
938 4679 1030 4742 esitnt
1053 4683 1146 4740 timer
1168 4681 1198 4761 ).

776 4815 858 4875 1151
880 4811 957 4875 Mai
978 4814 1007 4873 6.
1046 4810 1223 4872 Ferentino.

320 4947 485 5030 Eugenius
508 4948 694 5029 episcopus,
717 4966 829 5009 servus
852 4964 1020 5008 servorum
1045 4945 1108 5018 dei,
1132 4944 1256 5007 dilectis
1280 4943 1353 5006 tiliis
1377 4941 1533 5023 Rigizoni,
1565 4939 1836 5022 archipresbitero

154 5036 297 5101 ecclesie
313 5037 501 5109 Mantuane,
518 5038 653 5118 eiusque
667 5035 828 5109 fratribus,
852 5042 919 5097 tam
936 5034 1142 5115 presentibus
1159 5052 1257 5113 quam
1273 5033 1398 5104 futuris,
1419 5032 1576 5092 canonice
1591 5028 1835 5103 substituendis,

156 5139 194 5188 IN
217 5139 298 5188 ΡΡΜ.
324 5123 394 5209 -Ι
414 5124 508 5187 Iustis
530 5127 616 5188 votis
640 5144 807 5188 assensum
831 5122 971 5205 prebere
994 5124 1152 5203 iustisque
1176 5121 1389 5204 petitionibus
1412 5139 1506 5182 aures
1534 5118 1753 5182 accomodare
1777 5140 1837 5181 nos

154 5215 321 5289 convenit,
343 5216 409 5296 qui,
434 5213 510 5276 licet
533 5214 664 5296 indigni.
688 5214 806 5276 iustitie
831 5211 970 5274 cultores
994 5220 1093 5290 atque
1117 5230 1277 5293 precones
1299 5212 1331 5273 in
1356 5208 1487 5272 excelsa
1501 5206 1728 5288 apostolorum
1752 5210 1838 5289 prin·

154 5303 280 5386 cilpum
297 5305 386 5368 Petri
401 5322 440 5365 ac
455 5303 545 5366 Pauli
567 5303 700 5385 specula
717 5302 826 5384 positi,
850 5301 987 5364 domino
1008 5300 1213 5382 disponente,
1238 5300 1464 5382 conspicimur.
1509 5295 1704 5379 Eapropter,
1728 5297 1837 5360 dilecti

166 5469 174 5472 ..
185 5469 190 5472 .
202 5466 324 5473 ——---
333 5464 444 5471 ffl—

321 5554 347 5616 ι)
372 5549 449 5614 Vergl.
469 5549 506 5598 die
528 5547 586 5597 Urk.
606 5563 660 5597 vom
682 5550 714 5596 17
733 5547 808 5612 April
824 5549 898 5597 114⁶.
973 5549 999 5612 2)
1018 5544 1134 5612 Dignitas
1153 5546 1179 5594 in
1197 5545 1280 5593 ordine
1298 5543 1467 5592 canonicomm
1486 5545 1644 5611 regularium.
1681 5546 1726 5595 Du
1748 5544 1837 5610 Gange,

156 5623 235 5675 Gloss.
255 5621 301 5671 IV
309 5629 336 5686 p.
357 5621 416 5671 726.
490 5620 519 5685 3)
544 5620 621 5687 Vergl.
641 5619 715 5668 studi
731 5622 760 5667 al
774 5618 888 5682 mrrnicip.
908 5617 936 5666 di
953 5617 1071 5666 Mantova
1091 5618 1144 5681 lp.
1165 5619 1221 5665 174.
