3974 6188
239 246 282 311 62

239 437 355 511 sciens,
379 440 492 498 contra
514 450 586 497 eam
610 440 734 498 temere
756 433 865 496 venire
888 435 1106 516 temptaverit,
1129 433 1274 497 secundo
1297 435 1435 498 tertiove
1459 436 1667 512 commonita,
1691 438 1718 499 si
1739 457 1806 500 non
1821 436 1913 501 satis-

239 525 380 589 factione
411 544 554 605 congrua
584 525 814 599 emendaverit,
843 523 1016 605 potestatis
1046 523 1246 603 honorisque
1278 525 1327 586 sui
1359 524 1514 606 dignitate
1545 533 1656 587 careat
1687 545 1844 609 reamque
1874 547 1912 590 se

239 615 350 679 divino
374 614 493 678 iudicio
518 614 657 677 existere
681 612 723 676 de
747 620 935 695 perpetrata
958 613 1130 694 iniquitate
1154 620 1341 695 cognoscat,
1365 622 1399 675 et
1422 635 1441 677 a
1463 617 1683 678 sacratissimo
1708 637 1912 698 corporeae

239 705 394 787 sanguine
416 698 491 790 [dei]
515 711 549 765 et
572 704 705 778 domini,
729 704 948 785 redemptoris
971 706 1072 766 nostri
1096 703 1168 765 lesu
1192 702 1320 777 Christi,
1351 703 1455 766 aliena
1483 703 1548 778 fiat,
1581 712 1680 784 atque
1704 707 1737 768 in
1761 715 1912 769 extremo

239 797 390 859 examine
413 793 559 856 districte
583 793 695 855 ultioni
717 791 896 855 subiaceat.
923 794 927 872 Ι
954 790 1084 855 Cunctis
1107 801 1226 866 autem,
1258 793 1364 855 eidem
1396 792 1471 855 loco
1502 796 1586 856 iusta
1616 795 1837 872 servantibus,
1869 798 1913 859 sit

240 905 308 966 pax
338 883 461 948 domini
493 882 593 946 nostri
622 883 695 945 Iesu
720 880 848 956 Christi,
882 882 1034 961 quatinus
1065 890 1099 945 et
1128 881 1181 944 hic
1212 881 1353 945 fructum
1384 881 1471 945 bone
1503 883 1639 946 actionis
1670 885 1851 968 percipiant
1878 893 1912 950 et

239 973 328 1059 apud
351 974 535 1039 districtum
558 971 698 1037 iudicem
723 973 848 1054 premia
872 978 983 1058 eterne
1008 971 1098 1054 pacis
1120 971 1290 1034 inveniant.
1336 969 1413 1033 Am.
1437 969 1513 1034 Am.
1536 973 1654 1038 Amen.

452 1058 507 1146 (R)
532 1059 605 1144 Ego
628 1060 747 1124 Lucius
771 1058 933 1123 catholice
957 1061 1094 1149 ecclesie
1118 1062 1296 1143 episcopus
1319 1080 1360 1123 ss.
1386 1059 1454 1144 (M)

452 1153 472 1230 Τ
496 1149 569 1233 Ego
593 1151 763 1216 Conradus
787 1147 974 1213 Sabinensis
998 1151 1174 1233 episcopus
1197 1170 1238 1213 ss.

451 1241 472 1322 †
495 1241 569 1323 Ego
592 1239 832 1302 Theodewinus
855 1245 966 1327 sancte
989 1238 1105 1327 Rufino
1129 1239 1302 1321 episcopus
1325 1260 1366 1303 ss.

452 1365 497 1376 —
518 1331 539 1410 †
562 1329 635 1412 Ego
660 1327 729 1394 GG.
754 1326 958 1412 (Gregorius)
982 1329 1144 1412 presbiter
1168 1329 1340 1392 cardinalis
1362 1330 1411 1393 tit.
1436 1328 1552 1394 Calixti
1573 1326 1605 1414 a)
1627 1350 1668 1394 ss.
1693 1327 1746 1414 (1)

451 1422 472 1500 †
495 1419 568 1501 Ego
593 1418 797 1483 Gislebertus
821 1417 981 1500 presbiter
1004 1418 1178 1482 cardinalis
1200 1420 1248 1481 tit.
1272 1421 1376 1482 sancti
1401 1417 1503 1482 Marci
1526 1440 1567 1483 ss.

451 1511 472 1589 †
495 1507 569 1591 Ego
594 1508 702 1573 Guido
727 1508 888 1590 presbiter
910 1507 1083 1571 cardinalis
1105 1510 1154 1572 tit.
1177 1516 1363 1571 sanctorum
1387 1508 1553 1571 Laurentii
1582 1517 1615 1572 et
1637 1509 1772 1573 Damasi
1795 1530 1837 1571 ss.
1862 1507 1911 1592 (ι)

452 1599 473 1677 †
496 1598 568 1681 Ego
585 1599 755 1662 Rainerius
771 1596 932 1680 presbiter
947 1597 1118 1661 cardinalis
1140 1599 1189 1660 tit.
1214 1600 1317 1661 sancti
1335 1596 1494 1679 Stephani
1517 1600 1549 1660 in
1566 1598 1657 1663 Celio
1677 1607 1790 1663 monte
1805 1619 1848 1661 ss.
1864 1599 1912 1682 (ι)

451 1687 471 1768 †
495 1687 567 1770 Ego
591 1687 765 1752 Aribertus
789 1688 952 1769 presbiter
975 1687 1147 1750 cardinalis
1169 1687 1216 1750 tit.
1240 1697 1355 1750 sancte
1377 1685 1553 1750 Anastasie
1576 1708 1618 1753 ss.

452 1778 473 1855 †
495 1775 568 1861 Ego
592 1777 692 1860 Hugo
716 1776 875 1860 presbiter
898 1777 944 1839 tit.
967 1779 1072 1841 sancti
1095 1776 1262 1840 Laurentii
1285 1777 1316 1840 in
1338 1776 1463 1840 Lucina
1485 1797 1527 1839 ss.

451 1868 472 1946 †
495 1869 569 1949 Ego
592 1867 691 1932 Iulius
714 1865 876 1949 presbiter
898 1866 1072 1931 cardinalis
1094 1869 1143 1929 tit.
1167 1866 1269 1930 sancti
1292 1866 1435 1935 Marcelli
1458 1886 1501 1929 ss.

398 1987 401 1993 ·
451 1991 495 2003 -
517 1956 538 2039 †
561 1956 634 2040 Ego
659 1955 835 2038 Gregorius
857 1957 1015 2019 diaconus
1039 1955 1208 2020 cardinalis
1232 1964 1417 2019 sanctorum
1442 1954 1546 2039 Sergii
1578 1961 1611 2018 et
1633 1950 1770 2041 Bachlili
1794 1976 1836 2017 ss,
1860 1952 1911 2039 (1)

451 2048 471 2124 †
494 2046 567 2129 Ego
592 2045 700 2109 Guido
723 2046 883 2109 diaconus
906 2045 1079 2109 cardinalis
1101 2053 1288 2108 sanctorum
1314 2046 1433 2132 Cosme
1457 2054 1490 2108 et
1513 2046 1664 2109 Damiani
1686 2065 1728 2108 ss

451 2135 472 2214 l
495 2134 567 2217 Ego
586 2133 784 2200 Octavianus
808 2135 966 2198 diaconus
990 2134 1162 2199 cardinalis
1186 2136 1287 2206 sancti
1303 2135 1428 2199 Nicolai
1444 2137 1476 2198 in
1492 2154 1623 2199 carcere
1639 2133 1778 2198 Tulliani
1798 2153 1840 2196 ss
1858 2135 1910 2213 (3)

451 2223 472 2306 †
494 2224 568 2307 Ego
591 2224 753 2289 Iohannes
776 2224 932 2288 diaconus
956 2225 1126 2288 cardinalis
1149 2233 1262 2288 sancte
1286 2225 1390 2312 Marie
1413 2245 1497 2288 nove
1519 2245 1561 2288 ss.

450 2315 471 2393 †
494 2314 567 2397 Ego
590 2316 753 2378 Berardus
775 2315 935 2378 diaconus
959 2314 1133 2378 cardinalis
1156 2324 1267 2401 sancte
1291 2314 1440 2400 Romane
1463 2313 1598 2402 ecclesie
1621 2333 1663 2375 ss.
1687 2310 1735 2397 (2)

399 2402 474 2466 Dat.
490 2403 650 2480 Laterani,
675 2423 734 2486 per
750 2424 880 2467 manum
897 2404 1061 2480 BARONIS,
1077 2412 1189 2467 sancte
1204 2405 1353 2466 Romane
1370 2404 1506 2467 ecclesie
1522 2403 1725 2467 subdiaconi.
1756 2414 1820 2465 V111
1835 2400 1912 2463 Idus

240 2486 403 2554 Octobris.
458 2493 637 2558 Indictione
668 2507 739 2558 v111.
792 2494 1024 2558 incarnationis
1057 2493 1221 2557 dominice
1258 2513 1343 2556 anno
1375 2506 1534 2558 MCxLinl.
1589 2490 1802 2556 Pontificatus
1832 2511 1912 2554 vero

238 2577 352 2643 domni
375 2581 476 2647 Lucu
497 2599 523 2647 11
546 2605 602 2667 pp.
625 2605 711 2647 anno
735 2585 852 2666 primo.
876 2619 921 2630 -

401 2696 444 2747 Or.
462 2698 506 2747 der
521 2698 653 2748 Kollectrbn
673 2698 777 2748 Morbios
794 2714 842 2748 von
860 2697 983 2757 Mailand,
1002 2698 1135 2764 argekuufl
1151 2697 1229 2747 durch
1247 2697 1331 2747 Herm
1356 2699 1564 2764 Wr'llmersddry'er
1580 2714 1605 2748 u.
1624 2713 1648 2747 a.
1666 2696 1692 2746 r'n
1710 2695 1848 2746 Miinchm.

400 2769 468 2834 Perg.
497 2771 557 2829 ital,
584 2772 619 2819 br.
640 2773 726 2830 0,565,
754 2772 815 2836 lang
832 2773 899 2830 0,57,
927 2777 1002 2819 rerum
1020 2786 1039 2817 c.
1060 2772 1138 2830 0,024
1165 2769 1360 2836 unsgesrklagcn,
1389 2771 1467 2820 durch
1486 2773 1502 2820 3
1520 2770 1613 2820 Licin
1636 2768 1693 2835 geht
1717 2768 1755 2818 die
1779 2784 1834 2817 rosa
1860 2769 1917 2817 uni!

237 2838 404 2904 (piudigelbe
428 2841 610 2901 Scidcnsduuer,
636 2859 721 2892 woran
740 2842 784 2890 das
802 2842 926 2908 Bleisicgel
941 2843 988 2891 Nr.
1006 2844 1022 2891 2
1041 2841 1123 2908 hdngt.
1160 2842 1268 2906 birluaetrg
1291 2843 1335 2891 der
1354 2843 1448 2892 dullen.
1486 2844 1540 2891 Das
1560 2840 1676 2891 luitici-L
1695 2839 1726 2889 is!
1742 2840 1807 2889 links
1825 2841 1852 2889 r'n
1870 2841 1914 2889 der

239 2910 310 2959 illiue
328 2912 405 2959 durch
423 2914 472 2962 eine
489 2914 666 2980 Ambucluung
681 2914 786 2972 vernicrl,
804 2915 849 2961 das
866 2931 881 2962 u
900 2914 960 2963 steht
978 2915 1089 2972 dantbm,
1108 2914 1174 2963 nicht
1191 2914 1272 2973 daun,
1290 2915 1321 2962 ist
1337 2914 1376 2962 ein
1390 2915 1551 2980 gcsclrwcistes
1568 2913 1716 2963 Schenkel-u.
1757 2912 1912 2977 Verewigung

238 2982 284 3031 Nr.
305 2987 320 3031 i
341 2983 436 3031 PlJluo
455 2986 537 3044 beram,
548 2987 619 3051 fic'llt
635 2988 704 3046 0,08.
741 2986 789 3034 Die
807 2987 884 3035 Amen
894 2987 981 3050 sic'llen
1012 2986 1049 3035 die
1071 2987 1135 3035 letare
1152 2986 1220 3034 Zeile.
1256 2988 1319 3035 Rota
1337 2986 1383 3036 Nr.
1405 2991 1428 3046 1,
1447 3003 1501 3035 vona
1520 2985 1702 3051 Momgramme
1719 2984 1779 3043 0,32
1799 2984 1913 3048 aufem.

238 3052 408 3120 illorrugramm
426 3056 473 3105 Nr.
496 3061 532 3115 1⁸,
551 3058 609 3106 breit
626 3059 714 3117 0,031,
732 3056 791 3106 koch
809 3060 897 3120 0,054.
935 3057 1084 3123 lr'ingkreua,
1110 3058 1155 3106 das
1173 3057 1230 3121 Ego
1253 3058 1309 3106 und
1325 3073 1349 3107 ss
1367 3059 1412 3107 der
1433 3057 1597 3122 Utricrsckrr'st
1618 3072 1666 3104 von
1690 3055 1821 3105 durrklercr
1838 3056 1913 3104 Dinte

237 3127 275 3173 uls
298 3127 335 3175 die
356 3127 414 3176 Um·
439 3129 495 3176 urid
518 3129 599 3195 iibrige
620 3129 787 3194 Unlcrsclrrr'fl.
824 3129 873 3178 Dic
897 3129 1077 3195 Zcugenfirmen
1101 3129 1211 3178 scheincn
1232 3130 1259 3178 in
1282 3129 1348 3178 ihrer
1366 3129 1496 3179 Mehrwlil
1514 3145 1562 3178 von
1580 3129 1645 3177 einer
1661 3127 1741 3177 Hand
1761 3128 1819 3176 und
1839 3128 1913 3176 Dinte

237 3196 412 3259 timoratam,
438 3200 474 3249 die
499 3201 549 3249 sich
568 3200 777 3266 dhutcrvorlagen
804 3201 933 3250 amchloss.
971 3201 1019 3251 Dic
1035 3201 1164 3268 Dutimmg
1180 3201 1238 3267 auge
1254 3200 1372 3252 vieller'clrt
1397 3202 1510 3251 dunklcre
1528 3201 1602 3250 Dinte
1619 3201 1658 3249 als
1675 3199 1720 3248 der
1735 3197 1911 3265 llaupikarper,

237 3271 342 3322 Batonis
360 3272 444 3321 uuerde
463 3272 536 3322 dorin
553 3272 735 3338 nackgetragen.

993 3557 1062 3632 Nr.
1093 3561 1155 3634 61.

239 3712 357 3777 Lucius
374 3711 418 3774 ΙΙ
437 3711 554 3774 nr'mmt
575 3711 630 3774 die
646 3708 824 3774 Beruolmer
840 3730 900 3773 von
927 3708 957 3773 C
955 3710 1013 3773 itti
1035 3709 1074 3773 di
1101 3709 1238 3774 Castello
1260 3710 1322 3774 mit
1345 3709 1437 3772 ilrreu
1455 3707 1712 3772 Besitatlu'c'mern
1735 3707 1770 3771 in
1791 3718 1912 3791 aposto·

311 3801 432 3866 lisclren
448 3799 584 3880 Sclmta,
614 3821 664 3864 auo
680 3807 722 3862 τὶν
734 3799 782 3863 sie
788 3799 939 3883 siihrliclz
953 3801 1045 3863 einen
1060 3800 1176 3864 Denar
1188 3821 1231 3863 an
1247 3800 1301 3863 die
1318 3797 1423 3862 Kurie
1436 3819 1477 3862 au
1492 3798 1667 3862 entricltten
1681 3796 1785 3861 haben
1803 3799 1839 3880 ¹).

806 3934 891 3996 1144
907 3932 1094 3999 November
1107 3937 1158 3998 13.
1190 3934 1341 3999 Lateran.

395 4069 515 4133 Lucius
537 4070 723 4152 episcopus,
747 4087 859 4131 servus
882 4088 1050 4132 servorum
1074 4071 1137 4145 dei,
1161 4069 1285 4133 dilectis
1300 4068 1381 4143 filiis,
1401 4066 1498 4131 bonis
1512 4064 1709 4143 hominibus,
1733 4067 1913 4132 maioribus

238 4167 271 4223 et
294 4159 482 4235 minoribus,
509 4159 551 4222 de
568 4157 707 4221 Ciuitate
730 4177 795 4238 que
818 4159 933 4221 dicitur
948 4156 1108 4223 Castellus
1126 4159 1167 4239 b),
1191 4169 1258 4223 tam
1283 4158 1489 4242 presentibus
1513 4176 1612 4236 quam
1636 4155 1760 4232 futuris
1784 4158 1817 4219 in
1840 4178 1913 4240 per·

237 4258 381 4331 potuum.
428 4248 510 4312 Cum
533 4269 576 4312 ex
599 4250 743 4312 iniuncto
767 4247 862 4311 nobis
885 4268 904 4310 a
927 4248 993 4310 deo
1016 4251 1220 4331 apostolatus
1240 4253 1265 4331 c)
1289 4247 1392 4310 offitio
1416 4246 1569 4309 universis
1592 4244 1753 4310 catholice
1777 4247 1913 4310 ecclesie

237 4339 306 4402 filiis
340 4339 508 4403 debitores
539 4341 733 4413 existamus,
765 4337 826 4399 illis
856 4345 984 4411 tamen,
1016 4339 1070 4417 qui
1093 4338 1136 4401 ad
1159 4340 1273 4401 sedem
1298 4337 1511 4420 apostolicam
1545 4334 1719 4417 specialius
1750 4337 1913 4418 pertinere

238 4438 422 4504 noscuntur,
454 4449 514 4492 nos
538 4430 691 4492 convenit
713 4427 866 4490 attentius
890 4427 1069 4489 imminere.
1116 4426 1200 4508 Quia
1232 4430 1336 4509 igitur,
1370 4426 1457 4489 beati
1481 4425 1567 4487 Petri
1591 4425 1748 4488 iusticiam
1773 4445 1912 4508 cognos-

238 4528 365 4593 centes,
403 4519 502 4601 ipsius
535 4519 752 4600 patrocinium
784 4536 843 4599 per
872 4515 1090 4580 venerabilem
1123 4517 1257 4580 fratrem
1291 4524 1454 4590 nostrum,
1494 4515 1687 4597 episcopum
1718 4522 1862 4578 vestrum
1880 4515 1911 4596 ¹),

237 4608 427 4691 suppliciter
458 4607 654 4691 postulastis,
684 4606 769 4669 votis
791 4607 907 4669 vestris
931 4613 1067 4688 paterna
1097 4608 1298 4688 benignitate
1322 4607 1501 4679 annuimus,
1532 4612 1631 4686 atque
1661 4603 1771 4667 locum
1803 4606 1910 4686 ipsum

238 4718 312 4760 cum
337 4698 488 4761 omnibus
512 4697 577 4759 suis
600 4697 814 4778 pertinentiis,
838 4697 894 4775 qui
918 4716 961 4758 ex
984 4698 1119 4775 antiquo
1142 4697 1230 4758 sedis
1257 4695 1438 4778 apostolice
1463 4694 1539 4757 iuris
1563 4713 1634 4757 esse
1665 4693 1856 4769 dinoscitur,
1880 4704 1913 4757 et

238 4807 396 4869 personas
418 4795 542 4850 vestras
574 4805 647 4848 curn
679 4784 774 4848 bonis
798 4793 831 4847 et
862 4786 1136 4866 possessionibus,
1167 4805 1231 4865 que
1261 4787 1294 4846 in
1325 4785 1558 4867 presentiarum
1590 4783 1672 4846 iuste
1702 4790 1736 4845 et
1767 4782 1912 4865 legitime

239 4876 431 4959 possidetis,
464 4877 574 4938 autin
598 4874 741 4938 futurum
773 4874 1011 4937 rationabiliter
1044 4876 1194 4956 poteritis
1225 4874 1381 4957 adipisci,
1412 4872 1473 4935 sub
1504 4872 1650 4935 eiusdem
1686 4872 1910 4954 apostolorum

239 4967 392 5049 principis
424 4974 458 5029 et
488 4974 635 5028 nostram
667 4963 906 5047 protectionem
938 4965 1134 5046 suscipimus
1169 4972 1201 5027 et
1234 4965 1394 5046 presentis
1417 4961 1529 5045 scripti
1559 4963 1742 5044 patrocinio
1761 4961 1790 5042 d)
1824 4983 1911 5025 com·

239 5056 409 5118 munimus.
455 5054 653 5137 Apostolica
676 5055 869 5116 auctoritate
893 5051 1116 5135 prohibentes,
1147 5063 1181 5116 ut
1205 5053 1259 5116 ulli
1284 5056 1417 5116 omnino
1440 5051 1610 5115 homiuum
1634 5051 1738 5125 liceat,
1770 5052 1910 5114 eundem

238 5145 346 5208 locum
376 5153 418 5222 et,
447 5163 511 5224 que
541 5143 584 5207 ad
615 5145 721 5225 ipsum
747 5144 918 5225 pertinent,
949 5142 1001 5204 vel
1034 5162 1192 5224 personas
1215 5152 1338 5205 vestras
1370 5152 1493 5205 temere
1525 5139 1716 5222 perturbare
1745 5149 1802 5203 aut
1825 5142 1912 5204 bona

238 5237 307 5297 sive
338 5235 562 5317 possessiones
588 5243 713 5296 vestras
743 5232 877 5306 auferre,
908 5232 1055 5306 retinere,
1087 5233 1230 5295 minuere
1260 5252 1317 5296 seu
1345 5230 1546 5313 quibuslibet
1577 5229 1734 5292 molestiis
1766 5230 1902 5312 fatigare

238 5322 295 5385 Ad
319 5324 471 5387 indicium
496 5331 615 5399 autem,
639 5321 729 5403 quod
753 5320 841 5385 idem
858 5321 948 5384 locus
971 5321 1058 5384 beati
1075 5322 1160 5384 Petri
1184 5322 1259 5384 iuris
1283 5324 1409 5397 existat,
1434 5328 1468 5383 et
1490 5320 1585 5383 huius
1601 5339 1620 5381 a
1636 5319 1715 5382 sede
1730 5320 1911 5403 apostolica

398 5520 423 5580 a)
442 5519 521 5568 sancti
538 5534 583 5567 vor
596 5517 685 5567 Calixti
703 5517 834 5582 wegradirt
904 5516 931 5582 b)
952 5516 1074 5566 Castellus
1092 5533 1140 5582 que
1159 5517 1248 5566 dicitur
1306 5516 1330 5578 c)
1350 5515 1526 5580 apostolicatus
1599 5515 1626 5575 d)
1645 5515 1819 5581 patrocinium.
1839 5551 1911 5565 .-.,.

243 5592 266 5652 1)
285 5589 469 5655 DieAbsclm'ft
493 5590 568 5639 dieser
588 5590 648 5639 Urk.
668 5589 789 5638 verdanke
805 5588 842 5637 ich
862 5587 945 5638 Herrn
967 5588 1060 5638 Ubaldo
1081 5589 1195 5654 Pasqm'
1212 5606 1241 5637 zu
1260 5589 1352 5639 Arezw.
1436 5589 1462 5652 2)
1482 5590 1588 5638 Damuls
1605 5588 1723 5648 Davirro,
1750 5587 1855 5653 Birthas
1866 5602 1912 5636 von

243 5659 672 5722 CittldiCasrello,113r-1145.
715 5663 765 5710 Von
782 5660 832 5709 ihm
850 5660 881 5709 ist
897 5664 1002 5711 c'iusserst
1018 5660 1096 5727 wmr'g
1112 5662 1220 5712 bekannt.
1258 5659 1370 5711 Nauem
1385 5661 1527 5726 Coppellertr',
1551 5659 1629 5710 Chiese
1647 5658 1747 5710 d’lralia
1759 5659 1805 5711 IV
1812 5667 1841 5727 p.
1852 5660 1911 5710 261.
