3982 6194
1790 258 1832 321 93

153 432 283 497 ablatas
313 433 464 508 retinere,
496 431 641 496 minuere
670 439 727 495 aut
756 430 917 512 aliquibus
944 432 1174 495 vexationibus
1202 430 1345 513 fatigare,
1375 431 1434 494 sed
1466 428 1574 492 omnia
1602 429 1728 512 integra
1758 450 1835 493 con·

153 528 329 586 serventur
367 541 499 597 eorum,
533 543 595 604 pro
631 540 771 602 quorum
807 521 1043 603 gubernatione
1074 529 1107 583 et
1138 523 1374 583 sustentatione
1404 538 1560 582 concessa
1591 527 1683 594 sunt,
1723 519 1834 581 usibus

154 611 360 676 omnimodis
390 611 577 693 profutura,
607 611 697 673 salva
727 609 815 673 sedis
844 609 1025 697 apostolice
1057 613 1249 673 auctoritate
1282 620 1316 672 et
1347 610 1513 672 diocesani
1537 610 1685 690 episcopi
1717 608 1835 670 iustitia

155 711 189 765 et
212 701 406 763 reverentia.
452 697 488 764 Si
511 720 577 780 qua
599 702 696 782 igitur
723 701 755 762 in
786 699 928 762 futurum
958 699 1177 763 ecclesiastica
1207 700 1402 762 secularisve
1434 718 1588 780 persona,
1618 696 1702 760 hanc
1725 705 1835 783 nostre

155 790 403 855 constitutionis
433 790 584 872 paginam
615 791 732 864 sciens,
763 796 877 851 contra
907 809 981 852 earn
1011 798 1135 852 temere
1164 789 1272 852 venire
1301 789 1489 862 tentaverit,
1517 789 1663 850 secundo
1696 788 1835 850 tertiove

155 880 373 954 commonita,
395 879 421 941 si
445 899 510 942 non
533 877 757 942 satisfactione
781 898 925 960 congrua
948 880 1178 952 emendaverit,
1202 879 1374 960 potestatis
1397 877 1597 957 honorisque
1612 879 1661 938 sui
1678 877 1835 957 dignitate

156 978 267 1034 careat
308 987 465 1048 reamque
504 988 540 1030 se
578 968 688 1031 divino
722 967 842 1030 iudicio
878 969 1019 1031 existere
1057 969 1098 1030 de
1139 975 1328 1050 perpetrata
1364 967 1531 1046 iniquitate
1570 974 1765 1047 cognoscat,
1804 973 1836 1027 et

155 1083 175 1123 a
204 1057 426 1123 sacratissimo
461 1077 601 1140 corpore
639 1078 677 1120 ac
708 1059 864 1139 sanguine
895 1058 949 1119 dei
981 1066 1014 1120 et
1046 1057 1183 1131 domini,
1221 1056 1438 1138 redemptoris
1478 1057 1578 1118 nostri
1607 1057 1679 1118 lesu
1709 1053 1837 1129 Christi,

155 1147 352 1222 alienafiat,
376 1155 476 1226 atque
499 1148 530 1209 in
553 1155 702 1210 extremo
726 1148 879 1209 examine
901 1147 1046 1209 districte
1070 1147 1183 1210 ultioni
1207 1146 1383 1209 subiaceat.
1429 1144 1559 1207 Cunctis
1583 1153 1702 1223 autem,
1728 1144 1834 1205 eidem

157 1239 232 1303 loco
264 1238 351 1300 iusta
381 1236 597 1310 servantibus
636 1237 678 1299 sit
708 1256 775 1317 pax
806 1236 929 1298 domini
960 1237 1061 1299 nostri
1098 1236 1170 1298 Iesu
1204 1234 1336 1308 Christi,
1367 1236 1518 1314 quatinus
1548 1241 1581 1296 et
1612 1233 1664 1297 hic
1696 1233 1835 1296 fructum

156 1330 244 1393 bone
275 1327 416 1390 actionis
448 1325 628 1408 percipiant
665 1332 698 1387 et
734 1325 822 1406 apud
857 1325 1037 1388 districtum
1071 1325 1211 1388 iudicem
1243 1325 1366 1412 premia
1396 1331 1507 1410 eterne
1537 1322 1626 1404 pacis
1661 1324 1835 1386 inveniant.

158 1417 277 1481 Amen.
303 1415 397 1480 A·m.
421 1413 541 1478 Amen.
559 1450 598 1460 -

374 1503 431 1586 (R)
455 1506 529 1587 Ego
552 1503 719 1585 Eugenius
742 1501 903 1590 catholice
926 1503 1063 1591 ecclesie
1088 1503 1261 1585 episcopus
1284 1524 1326 1566 ss,
1350 1503 1412 1580 (M)

373 1591 454 1676 -†
476 1595 550 1674 Ego
573 1590 745 1655 Hubaldus
769 1592 931 1674 presbiter
954 1592 1125 1655 cardinalis
1147 1593 1193 1655 tit.
1217 1602 1326 1680 sancte
1350 1593 1506 1655 Praxedis
1529 1610 1570 1652 ss.

374 1681 395 1766 †
419 1685 492 1765 Ego
515 1681 689 1745 Hubaldus
712 1681 873 1764 presbiter
896 1682 1066 1745 cardinalis
1090 1685 1138 1743 tit.
1161 1685 1263 1745 sancti
1287 1682 1437 1745 Iohannis
1461 1689 1494 1743 et
1518 1679 1608 1742 Pauli
1630 1699 1671 1740 ss
1689 1682 1733 1760 (1)

374 1771 395 1854 †
418 1772 492 1854 Ego
515 1770 690 1835 Aribertus
714 1770 877 1852 presbiter
900 1771 1072 1835 cardinalis
1095 1773 1143 1834 tit
1166 1780 1277 1834 sancte
1300 1770 1473 1833 Anastasie
1498 1789 1539 1833 ss,

374 1863 397 1940 †
419 1861 493 1943 Ego
516 1860 616 1943 Hugo
640 1860 804 1942 presbiter
826 1859 996 1923 cardinalis
1019 1861 1065 1924 tit.
1089 1860 1121 1922 in
1143 1861 1268 1924 Lucina
1290 1881 1333 1922 sc.

373 1949 394 2032 †
416 1952 490 2033 Ego
514 1948 611 2013 Iulius
634 1949 797 2031 presbiter
820 1949 991 2013 cardinalis
1014 1951 1061 2013 tit.
1084 1952 1187 2013 sancti
1212 1950 1358 2013 Marcelli
1382 1970 1423 2012 ss

373 2039 395 2122 †
418 2038 491 2122 Ego
514 2039 673 2102 Iordanus
697 2038 856 2120 presbiter
879 2039 1051 2102 cardinalis
1073 2042 1123 2102 tit.
1147 2048 1258 2126 sancte
1281 2037 1429 2125 Susanne
1452 2058 1492 2100 ss.

373 2163 418 2175 -
441 2128 461 2209 †
483 2129 557 2210 Ego
582 2125 683 2191 Oddo
707 2128 865 2191 diaconus
889 2128 1061 2192 cardinalis
1084 2131 1187 2191 sancti
1211 2128 1341 2212 Georgii
1364 2129 1406 2190 ad
1429 2126 1550 2189 Velum
1574 2120 1717 2210 aulpeum
1741 2146 1783 2185 ss.

373 2217 395 2300 †
417 2215 491 2300 Ego
516 2216 715 2281 Octavianus
745 2218 901 2281 diaconus
934 2219 1107 2282 cardinalis
1135 2220 1238 2281 sancti
1263 2218 1388 2281 Nicolai
1414 2219 1445 2279 in
1470 2235 1599 2278 carcere
1622 2213 1771 2276 Tulliano
1794 2233 1835 2276 ss.

373 2306 395 2389 †
418 2309 491 2389 Ego
514 2306 676 2370 lohannes
700 2327 826 2390 paparo
850 2308 1005 2370 diaconus
1029 2306 1201 2370 cardinalis
1224 2310 1326 2372 sancti
1350 2306 1486 2369 Adriani
1510 2325 1551 2367 ss.

373 2394 395 2477 †
417 2394 492 2479 Ego
517 2394 692 2478 Gregorius
716 2397 874 2459 diaconus
897 2397 1071 2460 cardinalis
1093 2399 1197 2460 sancti
1218 2396 1338 2480 Angeli
1362 2417 1403 2459 ss,
1419 2396 1466 2475 (1)

375 2485 395 2566 †
418 2485 491 2567 Ego
515 2485 676 2548 lacinctus
699 2486 857 2549 diaconus
881 2485 1053 2549 cardinalis
1076 2495 1188 2549 sancte
1212 2489 1315 2550 Marte
1338 2488 1370 2549 in
1394 2485 1589 2566 Cosmydyn
1611 2503 1652 2544 ss.
1670 2484 1717 2561 (z)

320 2573 398 2637 Dat
422 2575 541 2650 Brixie,
570 2595 631 2656 per
654 2595 785 2637 manum
811 2574 998 2650 GUIDONIS,
1025 2584 1137 2638 sancte
1159 2576 1308 2639 Romane
1337 2575 1474 2639 ecclesie
1504 2573 1634 2636 diaconi
1667 2569 1837 2633 cardinalis

159 2671 191 2726 et
213 2661 411 2727 cancellarii.
449 2679 487 2727 xl
510 2665 563 2727 Kl.
583 2663 669 2745 Aug.
708 2664 886 2728 indictione
909 2680 955 2728 xl.
993 2665 1225 2728 lncarnationis
1248 2667 1413 2729 dominice
1436 2685 1522 2727 anno
1546 2673 1716 2724 MCXLVHI.
1755 2660 1837 2721 Pon·

158 2751 298 2815 tificatus
322 2773 403 2816 vero
427 2753 540 2817 domni
565 2752 719 2816 EUGENII
743 2768 781 2816 111
804 2776 859 2837 pp.
884 2775 970 2818 anno
995 2763 1121 2836 quarto.
1141 2790 1186 2799 -

324 2867 368 2916 Or.
396 2867 452 2916 und
473 2866 599 2932 Abscin'st
621 2884 675 2916 vem
695 2869 727 2918 13
748 2868 840 2933 Jahrb.
869 2869 912 2918 der
937 2870 1035 2919 Statuta
1066 2870 1124 2933 Cap.
1150 2869 1175 2917 S.
1200 2868 1318 2918 Antonini
1335 2876 1363 2932 p.
1384 2871 1426 2928 74,
1450 2866 1484 2916 im
1511 2864 1624 2915 Archivie
1654 2861 1786 2927 Capitelare
1812 2860 1840 2908 di

159 2941 185 2989 S.
204 2938 329 2990 Antoniane
346 2955 377 2988 au
397 2939 524 2988 encenia.

324 3010 393 3076 Ρη.
413 3010 473 3067 r'taL,
500 3010 536 3057 br.
556 3012 644 3070 0,·175,
673 3012 734 3076 lang
750 3012 820 3072 o,63,
848 3019 922 3060 unten
940 3013 1021 3071 0,024
1040 3013 1228 3077 unigesclrlegen,
1256 3011 1333 3060 dnrrlr
1360 3011 1418 3060 rinei
1440 3010 1532 3059 L'e'clrer
1551 3008 1608 3073 gete
1630 3007 1680 3056 eine
1703 3005 1839 3070 dirffddrge

158 3085 264 3133 kettena
287 3083 345 3130 iord
367 3083 478 3147 hellgelbe
494 3081 682 3141 Seriienschnnr,
710 3083 781 3132 deren
806 3082 886 3150 Siegel
905 3085 1023 3135 verterer.
1059 3084 1168 3149 bhlnmg
1193 3084 1236 3133 der
1258 3085 1355 3132 Bullen.
1393 3083 1491 3132 Initiale
1513 3088 1584 3129 unter
1606 3080 1643 3128 die
1662 3079 1723 3128 Zeitc
1737 3077 1837 3143 gelrend,

156 3154 302 3220 fiachhgige
319 3154 426 3204 macte
450 3153 558 3219 einsache
579 3153 738 3214 Unzialsenn,
757 3154 838 3203 sune
853 3163 877 3204 ct
895 3155 1172 3218 Spitrwicktlschnbrkcl.
1217 3155 1293 3205 Wem
1317 3155 1383 3204 nictit
1399 3155 1474 3212 stari,
1493 3153 1552 3201 doch
1572 3151 1702 3217 genitgcnd
1720 3155 1838 3214 getrcnnt.

163 3226 324 3292 Vermigimg
339 3226 388 3274 Nr.
408 3226 587 3290 1P¹v“,srillt
604 3228 675 3284 0,06.
711 3226 842 3290 hbencnpt
858 3226 1094 3292 srhmalbuchstahrg,
1114 3243 1130 3291 g
1148 3227 1193 3275 mit
1209 3226 1433 3292 linksgescirweister
1454 3225 1600 3290 Unterlc'inge
1617 3224 1674 3272 oder
1691 3222 1735 3270 mit
1752 3220 1839 3269 Links·

158 3299 291 3347 schumet.
331 3297 452 3347 Celestini
464 3296 587 3362 holdlang,
605 3297 746 3362 Illajuskeln
764 3298 843 3364 wenrg
859 3298 1052 3363 demergebatur.
1089 3300 1153 3348 Drci
1161 3301 1240 3348 Amen
1250 3299 1298 3348 Nr.
1313 3301 1336 3357 7,
1357 3298 1411 3346 weit
1428 3296 1589 3346 acescinonder
1596 3296 1695 3360 gestellt,
1714 3293 1839 3342 scidiesscn

159 3370 196 3419 die
214 3371 280 3419 Ietzte
297 3368 369 3419 Zeile.
405 3370 467 3417 Rota
485 3368 533 3418 Nr.
557 3372 580 3427 1,
608 3368 783 3418 Durrhmesser
801 3372 888 3429 nost,
916 3385 964 3419 ven
989 3371 1032 3419 der
1055 3372 1136 3419 letatcn
1156 3370 1217 3419 Zeite
1236 3371 1322 3429 0,008,
1350 3386 1397 3418 ven
1422 3371 1466 3418 der
1488 3368 1569 3418 linken
1587 3367 1668 3415 liberte
1686 3368 1755 3425 0,09,
1784 3380 1837 3412 vem

160 3441 346 3508 Monogramme
366 3442 452 3500 0215.
490 3438 660 3505 Morwgramm
678 3440 725 3490 Nr.
745 3442 784 3500 5⁸,
801 3441 947 3490 namnetlirlae
965 3441 997 3489 im
1022 3442 1191 3507 Vorderschast
1213 3442 1317 3490 ziemtich
1343 3440 1477 3506 sterilim'g,
1503 3439 1562 3488 loch
1581 3440 1666 3498 0,067,
1694 3438 1753 3487 dreit
1768 3438 1838 3496 0,oe,

158 3513 227 3562 dicht
242 3520 319 3562 untcr
335 3513 380 3562 der
394 3514 476 3561 lernen
495 3511 565 3570 lette,
584 3527 632 3560 von
650 3512 694 3561 der
710 3512 803 3562 rechten
822 3513 902 3562 Kante
915 3513 1001 3572 nota.
1026 3513 1163 3579 Ringkrnes
1180 3514 1236 3560 rand
1249 3513 1413 3577 ltrnerschrist
1426 3511 1516 3578 gleiclre
1534 3511 1616 3569 Diene,
1636 3510 1727 3560 scierint
1744 3507 1840 3557 diesetbe

159 3586 244 3644 Dintc,
263 3585 309 3634 aare
328 3585 373 3633 dar
390 3582 561 3648 Menogramm
579 3599 609 3631 ru
625 3584 682 3633 sein.
724 3583 860 3649 Urnschn's't
876 3585 932 3634 und
947 3584 1077 3650 Datimng
1092 3585 1159 3634 well
1173 3601 1227 3633 vom
1245 3585 1368 3634 Sclrrnier
1385 3585 1424 3633 des
1440 3584 1628 3648 Honptkirpcrs.
1665 3583 1758 3648 Zeugen
1776 3579 1844 3628 wohl

158 3657 269 3707 meirtms
286 3672 336 3706 von
353 3654 531 3705 vuschndmcr
547 3655 632 3705 Hand.
669 3654 717 3706 Die
734 3656 864 3706 Diakemn
885 3656 1012 3722 Johannes
1029 3658 1085 3706 und
1103 3658 1195 3722 Gregor
1207 3657 1297 3723 gleiche
1314 3656 1397 3706 Dinte.

920 3936 988 4012 Nr.
1020 3943 1081 4013 91.

159 4074 274 4159 Eugen
303 4074 371 4139 III
394 4073 544 4156 bestetigt
570 4070 644 4135 dem
671 4069 750 4134 Abte
783 4069 931 4134 Willzelm
957 4093 1022 4135 von
1046 4069 1115 4135 San
1139 4073 1306 4137 Benedetto
1331 4076 1377 4138 Po
1400 4074 1458 4156 (D.
1490 4073 1660 4159 tiltentona)
1696 4071 1841 4134 melerere

711 4160 948 4224 Besitztln'tmer
969 4160 1073 4225 see'nes
1098 4161 1242 4226 Klosters
1261 4165 1296 4248 ¹).

674 4363 678 4370 ι
750 4278 834 4339 1148
850 4274 1035 4359 September
1049 4280 1078 4340 6.
1111 4277 1254 4343 Brescia.

322 4413 490 4494 Eugenius
506 4411 690 4494 episcopus,
713 4429 825 4473 servus
840 4429 1009 4473 servorum
1025 4410 1088 4485 dei,
1106 4410 1227 4474 dilecto
1243 4412 1309 4475 filio
1326 4411 1510 4490 Guilielmo,
1527 4414 1638 4478 abbati
1655 4412 1840 4476 monasterii

159 4505 264 4567 sancti
289 4502 472 4576 Benedicti,
503 4500 594 4579 quod
625 4520 724 4581 super
746 4501 870 4563 Padurn
903 4501 1002 4563 situm
1025 4507 1083 4575 est,
1120 4502 1255 4581 eiusque
1277 4503 1529 4579 successoribus,
1553 4503 1743 4585 regulariter
1764 4502 1840 4564 sub·

160 4592 337 4656 stituendis
357 4588 534 4675 ³]1NPPM.
557 4626 601 4635 -
621 4586 626 4674 Ι
646 4588 819 4671 Religiosis
844 4588 1013 4651 desideriis
1036 4591 1171 4672 dignum
1196 4600 1245 4653 est
1268 4592 1392 4655 facilem
1414 4593 1552 4675 prebere
1576 4612 1781 4667 consensum,
1806 4599 1841 4652 ut

161 4681 268 4745 fidelis
284 4680 421 4744 devotio
436 4678 574 4742 celerem
590 4681 743 4742 sortiatur
763 4677 925 4741 effectum.
964 4678 1151 4761 Eapropter
1170 4677 1175 4763 Ι
1194 4683 1267 4755 tuis,
1289 4681 1409 4744 dilecte
1425 4683 1453 4743 in
1471 4683 1605 4745 domino
1622 4681 1674 4756 fili,
1690 4681 1840 4763 precibus

161 4772 317 4845 inclinati,
334 4769 576 4851 predecessoris
592 4769 703 4844 nostri,
726 4767 829 4850 felicis
846 4769 1003 4830 memorie
1019 4788 1106 4850 pape
1122 4769 1339 4844 INNOCENTII,
1360 4772 1495 4853 vestigia
1515 4772 1543 4848 b)
1560 4772 1797 4850 subsequentes
1812 4769 1840 4853 ’)

161 4862 228 4924 duo
244 4859 454 4933 monasteria,
478 4877 542 4940 que
557 4858 646 4921 beati
662 4858 749 4920 Petri
765 4857 840 4920 iuris
856 4859 1000 4919 existunt
1016 4866 1049 4919 et
1066 4859 1097 4919 in
1114 4857 1270 4921 Paduano
1287 4862 1479 4942 episcopatu
1500 4863 1562 4923 sita
1585 4869 1668 4936 sunt,
1692 4861 1749 4923 tibi
1766 4861 1840 4922 tuis-

163 4971 226 5032 que
248 4947 493 5012 successoribus
516 4946 558 5009 ad
575 4945 832 5010 meliorationem
857 4954 890 5008 et
906 4947 1070 5028 religionis
1087 4947 1354 5011 reformationem
1372 4970 1414 5013 ex
1437 4950 1617 5037 apostolice
1641 4950 1727 5013 sedis
1751 4950 1841 5013 beni-

162 5040 285 5121 gnitate
302 5038 552 5101 committimus:
577 5034 728 5099 videlicet
744 5044 855 5122 sancte
872 5034 973 5122 Marie
990 5035 1032 5098 de
1048 5037 1196 5113 Pratalia,
1213 5058 1355 5119 proquo
1376 5048 1517 5120 quatuor
1532 5060 1656 5115 aureos,
1681 5048 1713 5103 et
1729 5047 1841 5126 sancte

162 5128 274 5192 Crucis
298 5128 343 5190 de
366 5124 493 5208 Campo
518 5123 620 5206 Syon,
644 5146 704 5208 pro
728 5145 795 5204 quo
820 5125 903 5188 duos
927 5145 1044 5187 aureos
1068 5129 1242 5205 quotannis
1266 5127 1360 5190 nobis
1383 5131 1568 5208 nostrisque
1598 5130 1841 5193 successoribus

163 5216 370 5300 persolvetis
423 5214 658 5278 Monasterium
690 5234 823 5298 quoque
854 5223 1041 5278 sanctorum
1073 5214 1174 5279 Firmi
1210 5224 1243 5278 et
1274 5216 1397 5279 Rustici
1428 5217 1471 5280 de
1494 5219 1638 5301 Lunig0,
1677 5222 1774 5282 situm
1807 5220 1840 5281 in

161 5307 339 5371 Vicentino
372 5305 574 5389 episcopatu,
604 5304 698 5367 vobis
731 5324 805 5367 cum
837 5304 990 5367 omnibus
1020 5304 1086 5365 suis
1117 5305 1317 5387 pertinentiis
1346 5308 1581 5371 committimus
1600 5311 1640 5386 c).
1687 5309 1841 5372 Decimas

165 5442 314 5454 -φῄ-ο
479 5440 589 5447 -—-———

323 5501 350 5567 a)
370 5499 528 5550 substuendis
618 5500 646 5565 b)
663 5514 679 5548 a
696 5515 743 5547 aus
760 5515 777 5548 o
800 5496 912 5565 comgirt
1000 5501 1024 5567 c)
1043 5499 1088 5548 mit
1105 5500 1148 5549 der
1165 5501 1295 5551 dnnkleren
1313 5500 1388 5551 Dinte
1405 5502 1449 5553 der
1465 5510 1566 5552 nnteren
1583 5503 1787 5570 hbenenpthdlfle
1801 5521 1841 5570 ge·

161 5572 361 5624 retentem...
381 5574 417 5638 .1)
442 5573 519 5639 Vergl.
544 5571 582 5622 dic
602 5570 663 5623 Urk.
685 5586 741 5620 vom
759 5571 792 5620 13
812 5570 881 5636 Jnni
897 5571 974 5621 1151.
1061 5573 1086 5637 2)
1110 5573 1187 5639 Vergl.
1206 5572 1243 5621 die
1264 5573 1323 5624 Ure.
1343 5590 1397 5622 vom
1416 5574 1449 5625 28
1468 5574 1670 5637 fetmar1136,
1689 5579 1725 5627 26
1746 5577 1843 5628 October

162 5646 231 5698 1138
247 5645 306 5696 nard
319 5646 356 5696 25
378 5643 447 5711 Jeme·
464 5644 544 5706 1132,
562 5642 621 5694 doeh
640 5642 730 5694 scheint
746 5642 782 5692 dic
803 5643 872 5705 Urk,
891 5644 995 5710 worans
1007 5642 1059 5694 lu'er
1075 5644 1202 5696 vmnisen
1219 5645 1256 5708 ist,
1273 5645 1340 5696 nicht
1356 5645 1461 5698 erbaden
1478 5663 1508 5697 an
1525 5646 1582 5698 sein.
