3982 6194
160 238 222 314 186

156 440 244 501 idem
269 439 500 500 monasterium
526 439 557 498 in
580 437 811 519 presentiarum
833 432 918 499 iuste
935 446 968 499 et
983 436 1140 499 canonice
1156 431 1305 518 possidet
1327 445 1383 499 aut
1405 435 1592 499 infuturum
1610 438 1827 499 concessione

156 526 355 610 pontificum,
388 527 559 607 largitione
582 546 695 607 regum
719 525 770 587 vel
799 525 989 607 principum,
1023 525 1190 588 oblatione
1221 524 1365 587 fidelium
1396 545 1454 587 seu
1486 526 1554 588 aliis
1582 527 1676 587 iustis
1708 526 1826 600 medie,

156 624 322 698 prestante
349 615 493 689 domino,
524 617 646 697 poterit
676 615 820 696 adipisci,
852 613 943 676 firma
965 614 1060 678 vobis
1083 615 1263 693 vestrisque
1286 615 1529 677 successoribus
1552 624 1585 677 et
1609 614 1730 677 illibata
1755 635 1827 695 per·

156 714 319 767 maneant.
366 703 401 765 ln
424 706 543 783 quibus
567 704 628 766 hec
658 704 798 786 propriis
831 703 982 766 duximus
1015 706 1229 785 exprimenda
1259 703 1444 766 vocabulis:
1483 704 1650 766 abbatiam
1674 702 1827 766 videlicet

154 795 257 856 sancti
280 790 412 856 Siccarii
441 793 700 856 Brantosmensis
726 793 755 875 ¹),
786 792 951 855 abbatiam
984 793 1255 856 Fraxinorensem
1275 790 1299 876 ²)
1332 800 1365 854 et
1392 792 1558 854 abbatiam
1597 795 1701 854 sancti
1729 789 1827 872 Syxti

155 883 243 964 apud
261 881 469 955 Placentiam,
492 882 657 944 abbatiam
681 883 783 943 sancti
801 881 916 943 Marini
937 882 1102 962 Papiensis
1126 901 1198 945 cum
1223 881 1375 944 omnibus
1399 882 1600 963 pertinentiis
1623 882 1698 955 suis,
1722 882 1826 944 sancti

156 969 277 1052 Quirici
300 990 393 1034 secus
416 971 539 1035 Lucam
564 991 636 1032 cum
662 969 797 1032 ecclesia
826 973 929 1032 sancti
952 971 1071 1033 Viliani
1102 973 1222 1033 montis
1246 970 1360 1044 Pisani,
1390 971 1469 1033 alias
1502 989 1635 1052 quoque
1668 970 1825 1033 ecclesias

155 1060 206 1122 vel
230 1061 380 1123 abbatias
403 1064 470 1122 sive
494 1060 716 1141 possessiones
740 1079 782 1121 ex
806 1061 1038 1141 episcoporum
1062 1060 1156 1121 vobis
1179 1060 1357 1121 donatione
1380 1079 1563 1134 concessas,
1587 1079 1670 1139 quas
1691 1058 1827 1139 quilibet

155 1169 198 1212 ex
229 1148 385 1212 laicorum
420 1149 509 1211 dono
546 1149 633 1231 prius
670 1150 812 1211 tenuisse
843 1148 1093 1223 calumniantur,
1127 1148 1221 1211 vobis
1250 1149 1379 1229 penitus
1417 1157 1585 1229 tamquam
1620 1168 1664 1210 ex
1702 1149 1827 1211 iustiori

154 1239 366 1317 acquisitione
384 1258 515 1300 manere
524 1239 714 1312 sanccimus,
726 1239 786 1299 nisi
799 1258 853 1299 eas
864 1240 1019 1299 canonica
1031 1238 1062 1299 id
1072 1246 1122 1300 est
1130 1240 1299 1300 tricenaria
1309 1234 1530 1318 (possessione
1539 1240 1562 1315 i)
1572 1238 1762 1318 possedisse
1775 1237 1826 1300 vel

154 1328 333 1409 episcopali
358 1328 445 1389 dono
470 1326 622 1389 habuisse
645 1329 826 1388 constiterit
848 1336 904 1388 aut
934 1327 1061 1389 idoneis
1085 1327 1224 1390 testibus
1247 1336 1302 1388 aut
1317 1326 1473 1408 legalibus
1496 1327 1633 1407 scriptis.
1672 1328 1826 1390 Preterea

154 1419 369 1498 suscipientes
392 1436 451 1478 vos
475 1419 507 1478 in
529 1416 684 1498 spetiales
708 1415 856 1478 Romane
880 1416 1016 1478 ecclesie
1044 1415 1135 1490 filios,
1166 1436 1206 1478 eo
1231 1436 1288 1477 vos
1320 1416 1408 1477 sedis
1438 1415 1620 1496 apostolice
1642 1417 1826 1497 patrocinio

155 1525 214 1586 per
237 1507 360 1569 decreti
384 1506 543 1586 presentis
566 1506 717 1586 paginam
742 1506 979 1567 communimus
1002 1514 1035 1567 et
1058 1507 1088 1566 in
1112 1504 1290 1586 legitimum
1314 1507 1549 1585 sempiternum
1576 1507 1760 1579 statuimus
1791 1513 1826 1567 ut

155 1595 198 1656 de
229 1605 339 1656 cetero
373 1594 449 1656 nulli
479 1593 728 1675 archiepiscopo
756 1593 806 1655 vel
836 1596 995 1676 episcopo
1029 1594 1140 1669 liceat,
1173 1613 1270 1675 super
1301 1594 1476 1655 cenobium
1499 1593 1551 1656 vel
1581 1593 1738 1656 abbatem
1771 1603 1827 1655 aut

155 1684 298 1746 eiusdem
324 1684 453 1745 cenobii
477 1692 671 1745 conventum
697 1683 1042 1745 excommunicationis
1065 1683 1116 1745 vel
1140 1683 1376 1745 interdictionis
1401 1703 1531 1745 manum
1555 1684 1745 1757 extendere,
1776 1691 1827 1745 set

155 1774 187 1834 in
213 1774 298 1835 beati
320 1771 407 1835 Petri
430 1781 462 1833 et
486 1775 554 1835 eius
577 1772 769 1834 vicariorum
793 1768 953 1856 manu(m>
977 1792 1107 1853 semper
1131 1772 1230 1850 quieti
1254 1791 1292 1833 ac
1316 1771 1406 1833 liberi
1429 1790 1488 1852 per
1511 1772 1750 1852 omnipotentis
1772 1773 1826 1834 dei

155 1865 292 1942 gratiam
310 1864 474 1924 maneatis.
505 1861 614 1941 Digne
631 1880 708 1923 vero
725 1861 921 1942 petentibus
936 1863 991 1942 qui
1008 1882 1068 1942 pro
1084 1881 1216 1923 suorum
1233 1860 1390 1923 scelerum
1404 1861 1495 1922 venia
1508 1860 1623 1943 prefati
1635 1862 1826 1923 monasterii

155 1950 261 2013 limina
284 1951 487 2033 expetierint,
511 1953 619 2031 ipsum
642 1953 762 2011 intrare
786 1959 819 2011 et
842 1949 907 2011 illic
930 1952 1066 2012 domino
1090 1970 1148 2012 sua
1164 1951 1375 2012 concedimus
1391 1957 1469 2011 vota
1485 1949 1692 2030 persolvere;
1716 1970 1826 2011 acon-

154 2040 244 2122 iugiis
267 2044 364 2102 etiam
388 2039 508 2101 liberos
531 2039 574 2100 ad
596 2038 825 2101 monachatum
841 2039 975 2112 admitti,
998 2041 1067 2102 sine
1083 2041 1314 2120 episcoporum
1332 2039 1589 2101 contradictione
1605 2039 1825 2101 concedimus.

155 2128 229 2192 Hoc
253 2149 384 2210 quoque
408 2127 551 2210 capitulo
575 2129 716 2209 presenti
744 2127 978 2209 subiungimus,
1001 2138 1036 2190 ut
1067 2131 1099 2190 in
1130 2130 1293 2191 communi
1327 2128 1502 2191 interdicto
1535 2128 1640 2200 liceat,
1672 2128 1826 2190 fratribus

155 2222 277 2291 vestris,
302 2219 356 2297 qui
383 2237 442 2299 per
466 2217 619 2278 ecclesias
642 2224 894 2290 commorantur,
926 2217 1041 2279 clausis
1066 2219 1176 2291 ianuiS,
1209 2239 1273 2280 non
1298 2217 1432 2299 pulsatis
1454 2215 1678 2279 tintinnabulis
1711 2219 1771 2278 nisi
1795 2219 1825 2278 in

156 2310 269 2370 maiori
295 2306 492 2369 monasterio
516 2305 624 2367 divina
648 2305 754 2366 officia
778 2304 951 2380 celebrare,
975 2308 1020 2368 ita
1043 2316 1161 2382 tamen,
1186 2315 1220 2367 ut
1244 2326 1304 2368 nec
1327 2307 1632 2368 excommunicatos
1653 2324 1714 2367 nec
1732 2307 1827 2368 inter·

155 2397 262 2459 dictos
285 2397 467 2459 admittant.
512 2393 567 2455 Ad
592 2393 653 2456 hec
683 2394 861 2456 adicientes
890 2395 1077 2469 statuimus,
1109 2404 1144 2456 ut
1177 2395 1254 2457 nulli
1285 2395 1333 2456 sas
1364 2396 1419 2470 sit,
1451 2395 1483 2457 in
1514 2394 1687 2476 parrochia
1718 2403 1827 2457 vestra

156 2507 274 2548 novum
299 2486 475 2546 oratorium
500 2484 624 2562 absque
647 2492 756 2545 vestro
786 2494 819 2546 et
849 2485 1015 2546 diocesani
1049 2485 1196 2565 episcopi
1227 2504 1358 2548 assensu
1389 2493 1586 2558 construere,
1617 2503 1677 2546 nec
1711 2483 1826 2564 aliquis

155 2577 259 2637 abbas
282 2573 333 2636 vel
357 2573 531 2635 cuiuslibet
554 2572 691 2634 ecclesie
719 2574 808 2653 prior
831 2572 1018 2648 monachos,
1048 2575 1091 2635 de
1121 2573 1262 2635 claustro
1286 2580 1396 2634 vestro
1427 2573 1597 2655 fugientes,
1627 2572 1826 2654 suscipiendi

155 2665 250 2727 vobis
272 2664 377 2725 invitis
400 2670 455 2723 aut
480 2662 636 2723 retinendi
662 2660 783 2723 habeat
807 2661 1003 2724 facultatem.
1050 2662 1200 2724 Preterea
1229 2661 1325 2724 liceat
1349 2663 1451 2736 vobis,
1481 2665 1513 2724 in
1543 2661 1686 2725 ecclesiis
1711 2664 1825 2724 vestris

154 2754 341 2816 sacerdotes
364 2750 483 2831 eligere
506 2759 539 2812 et
562 2750 685 2813 electos
717 2750 893 2813 diocesano
917 2753 1075 2833 episcopo
1106 2759 1308 2831 presentare;
1341 2750 1472 2832 quibus,
1502 2753 1529 2813 si
1553 2752 1663 2814 idonei
1694 2749 1823 2827 fuerint,

155 2844 329 2924 episcopus
352 2860 461 2902 curam
484 2841 664 2901 animarum
689 2842 882 2912 committat,
910 2849 944 2902 et
974 2841 1016 2902 de
1040 2840 1145 2921 plebis
1169 2840 1301 2919 quidem
1336 2860 1413 2902 cura
1444 2840 1550 2903 eidem
1582 2841 1753 2922 episcop0‚
1784 2842 1825 2903 de

155 2930 389 3013 temporalibus
412 2938 521 2992 autem
544 2928 638 2990 vobis
661 2928 787 3009 absque
811 2929 1070 2991 contradictione
1094 2929 1236 2991 debeant
1257 2929 1465 3009 respondere.
1505 2929 1723 2992 Decernimus
1738 2949 1825 3011 ergo,

156 3030 191 3084 ut
206 3020 282 3083 nulli
299 3019 430 3081 omnino
454 3017 624 3080 hominum
648 3017 751 3092 liceat,
775 3018 998 3099 supradictum
1016 3020 1247 3080 monasterium
1264 3027 1387 3080 temere
1412 3067 1418 3080 .
1442 3067 1449 3079 .
1473 3066 1480 3078 .
1505 3019 1612 3080 usibus
1629 3019 1825 3081 omnimodis

155 3109 334 3191 profutura,
358 3105 448 3168 salva
471 3109 621 3168 nimirum
646 3106 829 3187 apostolice
852 3108 938 3169 sedis
961 3108 1161 3170 auctoritate.
1207 3107 1263 3169 Ad
1288 3107 1443 3170 indicium
1468 3116 1576 3169 autem
1600 3106 1694 3169 huius
1710 3127 1731 3169 a
1746 3108 1825 3169 sede

154 3197 335 3280 apostolica
373 3204 529 3277 percepte
561 3195 718 3257 libertatis
756 3196 929 3259 bizantium
969 3217 1066 3258 unum
1104 3195 1200 3258 nobis
1233 3198 1419 3278 nostrisque
1450 3196 1694 3258 successoribus
1732 3198 1825 3258 annis

154 3286 287 3368 singulis
303 3284 506 3368 persolvetis
545 3281 580 3346 Si
598 3305 663 3365 qua
678 3285 772 3366 igitur
788 3332 794 3345 .
811 3333 818 3345 .
837 3334 842 3347 .
867 3284 997 3348 Cunctis
1017 3296 1126 3347 autem
1145 3335 1150 3347 .
1170 3286 1389 3347 ..inveniant
1420 3283 1539 3348 Amen.
1562 3285 1682 3348 Arnen.
1706 3285 1825 3348 Amen.

366 3371 421 3458 (R)
444 3372 517 3455 Ego
540 3371 704 3434 Adrianus
727 3372 889 3437 catholice
912 3374 1048 3437 ecclesie
1071 3375 1246 3456 episcopus
1270 3395 1311 3435 33.
1334 3372 1395 3458 (M)

365 3464 386 3540 †
410 3463 483 3544 Ego
506 3461 660 3525 Himarus
684 3460 911 3548 Tuscuilanu)s
933 3466 1109 3545 episeopus
1132 3483 1173 3525 ss.
1468 3462 1471 3469 ’

367 3553 387 3627 i
411 3553 484 3633 Ego
509 3549 684 3632 Gregorius
708 3548 900 3615 Sabinensis
923 3554 1098 3634 episcopus
1121 3572 1162 3615 33.

366 3642 387 3718 l
410 3643 483 3722 Ego
507 3639 681 3702 Hubaldus
704 3641 866 3720 presbiter
888 3642 1060 3704 cardinalis
1084 3644 1133 3704 tit.
1156 3649 1268 3705 sancte
1291 3642 1448 3703 Praxedis
1471 3659 1512 3701 ss.

365 3732 386 3808 ’γ
410 3729 482 3810 Ego
506 3729 680 3791 Hubaldus
704 3730 863 3811 presbiter
886 3731 1056 3793 cardinalis
1079 3733 1126 3792 tit.
1150 3740 1262 3792 sancte
1285 3730 1397 3793 Crucis
1422 3732 1453 3791 in
1476 3727 1649 3792 Ierusalem
1672 3751 1716 3792 33.

366 3820 386 3897 †
410 3819 481 3900 Ego
506 3816 706 3880 Octavianus
729 3819 890 3899 presbiter
913 3821 1081 3882 cardinalis
1104 3822 1152 3882 tit.
1175 3829 1288 3882 sancte
1312 3818 1431 3881 Cecilie
1454 3838 1495 3880 33.

365 3907 481 3988 †Ego
505 3906 668 3970 Gerardus
700 3897 862 3988 presbiter
894 3909 1064 3971 cardinalis
1094 3911 1141 3970 tit.
1166 3909 1266 3970 sancti
1290 3905 1448 3990 Stephani
1473 3910 1504 3968 in
1529 3905 1619 3970 Celio
1644 3919 1760 3972 monte
1784 3931 1825 3971 ss.

365 3997 386 4073 †
410 3994 482 4078 Ego
498 3995 658 4059 lohannes
675 3997 839 4078 presbiter
850 3998 1020 4061 cardinalis
1031 4006 1217 4061 sanctorum
1229 3996 1382 4060 Iohannis
1398 4005 1431 4059 et
1443 3997 1531 4058 Pauli
1545 3997 1590 4058 tit
1602 3997 1769 4061 Pamachii
1784 4020 1827 4060 ss.

365 4087 385 4163 †
409 4086 482 4166 Ego
506 4083 584 4147 Odo
608 4087 762 4148 diaconus
786 4087 954 4149 cardinalis
977 4087 1077 4149 sancti
1102 4085 1234 4168 Georgii
1258 4088 1300 4149 ad
1322 4085 1441 4148 Velum
1467 4105 1600 4148 aureum
1623 4106 1665 4148 ss.

366 4175 387 4249 †
410 4174 483 4255 Ego
507 4172 666 4236 iacinctus
690 4175 846 4238 diaconus
870 4176 1042 4238 cardinalis
1064 4173 1176 4239 san'cte
1201 4176 1305 4238 Marie
1327 4176 1358 4237 in
1382 4175 1562 4255 Cosmydin
1586 4195 1627 4237 ss.

365 4265 386 4337 i
410 4264 482 4344 Ego
507 4261 614 4325 Guido
637 4265 795 4327 diaconus
819 4265 987 4327 cardinalis
1011 4277 1122 4329 sancte
1146 4266 1250 4328 Marie
1274 4267 1304 4326 in
1328 4265 1458 4326 Porticu
1482 4283 1523 4324 ss.

366 4353 387 4427 †
410 4351 482 4432 Ego
506 4352 595 4413 Boso
619 4354 778 4414 diaconus
801 4355 972 4416 cardinalis
995 4363 1182 4417 sanctorum
1207 4353 1326 4416 Cosme
1349 4363 1382 4416 et
1405 4353 1557 4415 Damiani
1581 4372 1623 4414 ss.

314 4439 390 4502 Dat.
400 4440 561 4515 Laterani,
581 4460 640 4521 per
652 4462 765 4503 manus
782 4440 973 4528 Ro(t)landi,
996 4453 1107 4507 sancte
1122 4443 1272 4505 Romane
1287 4440 1450 4524 (ecclesie)
1467 4441 1637 4522 presbiteri
1653 4442 1829 4504 cardinalis

155 4537 188 4591 et
217 4528 408 4592 cancellarii⁴
461 4529 536 4591 ldus
566 4530 768 4592 Decembris.
821 4532 1002 4595 indictione
1033 4546 1077 4594 vl.
1123 4532 1357 4595 incarnationis
1390 4532 1550 4594 dominice
1582 4550 1667 4593 anno
1692 4543 1827 4594 MCLvn.

157 4617 366 4680 Pontificatus
389 4639 467 4682 vero
490 4619 603 4682 domni
626 4620 764 4682 Adriani
789 4642 876 4703 pape
893 4636 944 4684 1111
966 4643 1052 4685 anno
1076 4618 1146 4706 (IV).

314 4733 437 4796 Absclrrr'st
453 4733 493 4780 des
510 4734 543 4783 13
563 4733 665 4798 Jahrb,
685 4735 716 4782 im
736 4735 848 4784 Arrlivin
866 4737 894 4784 di
910 4737 977 4785 Staio
994 4752 1023 4783 zu
1042 4735 1163 4785 Mariand.

897 4967 961 5040 ΝΥ.
995 4972 1080 5042 175.

155 5103 182 5153 re
216 5085 370 5150 Hadrian
387 5086 410 5148 I
417 5083 448 5148 V
462 5085 558 5149 tlrer'lt
581 5087 642 5150 den
658 5087 863 5169 Ix'apellc'r'nen
887 5111 947 5152 von
968 5089 1117 5153 Andeclzs
1140 5087 1200 5168 (D.
1219 5088 1395 5170 noning),
1416 5087 1489 5151 dem
1516 5086 1646 5168 Grasen
1668 5084 1741 5152 Orto
1767 5110 1828 5153 aron

164 5176 440 5257 Wolsartslrarrsen
455 5176 525 5237 und
536 5176 677 5239 anderen
693 5179 771 5241 mr't:
786 5199 824 5240 er
837 5180 948 5242 nelrme
963 5180 1017 5242 die
1035 5176 1072 5241 K
1072 5179 1160 5241 irclre
1174 5200 1234 5241 von
1249 5179 1397 5240 Andrclrs
1414 5178 1447 5240 r'n
1460 5177 1692 5259 apostolrsclren
1709 5178 1828 5242 Sclruta

154 5266 223 5328 und
236 5266 388 5346 bestdtrgr
405 5265 475 5327 ilrre
484 5264 726 5344 Besitrtlziirrzer,
744 5267 918 5348 Einkr'c'nste
932 5269 1001 5331 und
1007 5268 1133 5346 Reclrta
1147 5269 1249 5331 roobei
1262 5289 1299 5329 er
1313 5267 1456 5330 rrrelrrere
1469 5265 1687 5345 Vorsclrristen
1700 5269 1826 5335 erlr'isst.

684 5376 895 5436 1155-1158
910 5372 1094 5456 September
1114 5378 1169 5436 20.
1203 5373 1293 5435 Rom.

313 5487 479 5550 Adrianus
502 5488 686 5570 episcopus,
715 5509 826 5552 servus
848 5512 1016 5554 servorum
1040 5492 1102 5567 dei,
1126 5492 1253 5553 dilectis
1276 5490 1350 5553 filiis
1373 5500 1406 5551 et
1430 5489 1589 5564 iratribuS,
1621 5491 1826 5571 cappellanis

402 5595 444 5601 -..-
452 5596 510 5601 -—
529 5595 577 5602 ...-

316 5642 340 5695 3)
361 5627 490 5679 Branrime
509 5632 555 5691 (l).
578 5627 732 5693 Pr'rignreerrr.
806 5643 832 5691 2)
852 5631 986 5680 Frassr'mlo
1003 5632 1085 5680 turricli
1108 5632 1198 5680 Carula
