3982 6194
1793 278 1833 355 33

153 452 359 523 auctoritatis
390 461 501 546 nostre
524 450 701 524 munimine
724 452 960 527 confirmamus.
1006 454 1055 526 lta
1077 471 1195 539 tamen,
1227 466 1262 525 ut
1285 457 1349 525 due
1372 456 1453 525 libre
1477 481 1550 550 cere
1582 460 1671 525 annis
1702 461 1835 544 singulis

154 548 286 630 prefato
310 550 469 631 episcopo
493 549 627 631 eiusque
650 553 893 615 successoribus
916 574 936 615 a
958 553 1054 616 vobis
1077 555 1109 615 in
1134 553 1309 615 festivitate
1325 552 1426 614 sancti
1443 550 1577 633 Georgii
1599 550 1835 633 persolvantur.

154 638 375 702 Decemimus
398 659 488 721 ergo,
511 646 547 701 ut
570 639 646 702 nulli
671 643 805 704 omnino
828 641 997 705 hominum
1020 643 1123 716 liceat,
1147 644 1297 705 eamdem
1316 641 1487 704 ecclesiam
1503 649 1626 703 temere
1642 639 1835 722 perturbare

154 738 212 790 aut
241 730 313 791 eius
344 729 570 811 possessiones
601 729 729 793 auferre
758 731 810 794 vel
840 732 966 795 ablatas
997 733 1148 807 retinere,
1181 733 1325 795 minuere
1357 738 1414 793 aut
1444 730 1646 811 quibuslibet
1679 729 1835 793 molestiis

154 816 304 899 fatigare,
327 818 386 882 sed
412 819 523 881 omnia
546 820 672 902 integra
688 830 922 885 conserventur
936 823 1050 885 vestris
1074 830 1107 884 et
1131 841 1313 904 pauperum
1337 820 1448 883 usibus
1476 819 1654 903 profutura.
1702 817 1738 883 Si
1762 821 1836 901 quis

156 907 254 988 igitur
284 917 348 971 etc.

373 997 447 1079 Ego
470 997 678 1061 Innocentius
702 998 837 1086 catolice
860 998 997 1089 ecclesie
1021 1002 1198 1083 episcopus
1220 1020 1262 1062 ss.

374 1086 447 1168 Ego
471 1133 608 1150 .....

319 1175 408 1239 Data
430 1176 605 1252 Placentie‚
639 1197 699 1260 per
722 1198 835 1241 manus
857 1177 1024 1256 Aimerici,
1048 1188 1160 1267 sancte
1183 1180 1332 1265 Romane
1357 1176 1490 1265 ecclesie
1514 1177 1642 1240 diaconi
1666 1174 1836 1239 cardinalis

156 1273 189 1327 et
211 1264 406 1329 cancellarii.
445 1281 469 1328 11
491 1265 547 1327 Kl.
573 1265 649 1329 Iulii.
687 1267 869 1331 Indictione
891 1281 924 1331 x.
962 1268 1196 1332 incarnationis
1220 1270 1386 1333 dominice
1415 1287 1500 1331 anno
1525 1279 1686 1329 Mcxxxn.
1724 1266 1835 1328 Ponti·

155 1353 272 1416 ficatus
295 1375 377 1418 vero
401 1355 513 1417 domni
537 1355 718 1419 Innocentii
742 1378 797 1439 pp.
822 1372 848 1421 11
871 1379 957 1421 anno
982 1374 1029 1422 111.

319 1470 520 1535 Ilbpr'olurkunde
537 1486 591 1519 vom
613 1471 786 1536 Johre1499,
804 1471 830 1520 in
849 1472 892 1522 der
909 1474 972 1522 Bibl.
995 1473 1125 1524 Comuoole
1141 1491 1171 1523 au
1196 1473 1293 1524 Verona.

921 1684 988 1759 Nr.
1019 1688 1081 1760 39.

308 1830 464 1897 Innocens
480 1833 524 1896 JJ
534 1832 687 1917 bestotz'gt
700 1830 762 1896 den
777 1831 1065 1899 Domkononikem
1080 1856 1141 1901 oon
1158 1833 1289 1899 Rimim'
1303 1828 1374 1898 ihre
1390 1830 1627 1897 Besitotln'imer
1643 1835 1682 1913 ¹).

772 1970 856 2030 1135
873 1968 1055 2033 November
1067 1971 1097 2032 5.
1142 1969 1232 2033 Pisa.

320 2101 531 2164 Innocentius
547 2102 733 2185 episcopus,
756 2123 868 2166 servus
883 2123 1051 2167 servorum
1066 2104 1128 2180 dei,
1152 2105 1279 2167 dilectis
1295 2102 1376 2178 filiis,
1393 2101 1531 2165 ecclesie
1546 2109 1659 2164 sancte
1676 2100 1837 2166 Columbe

156 2191 379 2255 Ariminensis
403 2192 576 2266 canonicis,
600 2199 668 2254 tam
685 2192 892 2274 presentibus
916 2214 1013 2274 quam
1038 2194 1161 2270 suturis
1184 2206 1223 2257 ΙΝ
1238 2207 1311 2255 PPu.
1358 2191 1462 2255 Oifitii
1486 2193 1587 2254 nostri
1612 2211 1673 2254 nos
1688 2191 1837 2255 hortatur

157 2282 347 2356 auctoritas,
381 2279 589 2344 ecclesiarum
611 2279 706 2343 saluti
737 2291 837 2362 atque
868 2281 1004 2358 utilitati,
1035 2284 1171 2347 domino
1203 2291 1415 2365 cooperante,
1446 2282 1637 2364 prospicere
1660 2289 1694 2344 et
1726 2301 1836 2345 earum

159 2371 317 2434 ministris
338 2370 510 2433 salubriter
535 2370 718 2451 providere.
764 2371 958 2454 Eapropter,
993 2372 1100 2436 dilecti
1125 2375 1157 2435 in
1187 2375 1324 2436 domino
1355 2371 1419 2447 filii,
1452 2369 1691 2453 postulationes
1713 2379 1837 2434 vestras

160 2459 275 2523 debita
298 2460 498 2542 benignitate
520 2461 724 2542 suscipimus,
748 2468 782 2522 et
803 2461 901 2524 beate
917 2460 1078 2525 Columbe
1101 2462 1280 2538 ecclesiam,
1303 2462 1334 2523 in
1350 2482 1415 2543 qua
1434 2461 1544 2522 divino
1559 2459 1681 2522 vacatis
1697 2459 1837 2536 servitio,

160 2548 349 2632 apostolice
371 2549 459 2611 sedis
482 2548 651 2631 privilegio
675 2553 923 2614 communimus.
969 2551 1165 2627 Statuentes,
1196 2559 1232 2614 ut
1262 2551 1416 2625 universa,
1448 2568 1514 2629 que
1543 2551 1576 2611 in
1598 2551 1835 2632 presentiarum

161 2639 280 2702 eadem
315 2638 454 2702 ecclesia
485 2639 568 2701 iuste
599 2647 633 2701 et
662 2639 816 2702 canonice
847 2640 1011 2721 possidet,
1050 2648 1107 2703 aut
1146 2643 1178 2704 in
1209 2640 1352 2703 futurum
1391 2639 1602 2702 concessione
1634 2638 1836 2722 pontificum,

160 2727 337 2810 largitione
359 2727 552 2811 principum,
575 2726 741 2790 oblatione
764 2727 909 2791 fidelium
926 2749 982 2791 seu
999 2728 1067 2792 aliis
1083 2732 1175 2793 iustis
1198 2730 1312 2804 modis,
1337 2735 1504 2812 prestante
1520 2728 1664 2803 domino,
1688 2729 1836 2810 poteritis

160 2817 317 2900 adipisci,
349 2816 441 2879 firma
471 2816 564 2879 vobis
593 2816 624 2878 in
654 2827 851 2899 perpetuum
883 2827 917 2881 et
947 2818 1072 2882 illibata
1106 2826 1328 2901 permaneant.
1384 2817 1420 2880 ln
1453 2816 1570 2899 quibus
1602 2814 1664 2879 hec
1695 2816 1837 2899 propriis

160 2906 353 2969 nominibus
375 2907 529 2969 duximus
551 2906 754 2969 annotanda:
785 2907 817 2969 in
834 2907 1033 2970 Ariminensi
1056 2907 1209 2971 videlicet
1232 2909 1363 2971 civitate
1387 2906 1561 2971 ecclesiam
1588 2914 1699 2968 sancte
1724 2904 1836 2969 Crucis

162 3005 197 3059 et
223 3003 411 3059 sanctorum
435 2994 555 3059 Cosme
588 3003 621 3058 et
649 2993 804 3058 Damiani
837 3017 911 3059 cum
943 2999 1026 3059 casis
1057 3004 1090 3060 et
1122 2996 1280 3073 casalinis,
1312 2998 1400 3072 ortis,
1431 2997 1543 3070 vineis,
1574 2997 1678 3071 terris,
1710 2997 1836 3078 campis

161 3084 257 3147 cultis
280 3095 314 3148 et
335 3084 474 3158 incultis,
506 3083 689 3167 paludibus
719 3083 862 3161 lacubus,
893 3087 1013 3160 castris,
1044 3087 1187 3150 curtibus
1218 3095 1252 3149 et
1281 3107 1356 3149 cum
1385 3085 1539 3148 omnibus
1561 3084 1643 3147 intra
1665 3084 1718 3147 vel
1742 3093 1835 3147 extra

162 3174 328 3238 civitatem
360 3173 404 3237 ad
436 3173 576 3236 eandem
608 3173 781 3237 ecclesiam
819 3175 1071 3257 pertinentibus,
1101 3176 1272 3239 ecclesiam
1311 3195 1445 3257 quoque
1483 3183 1673 3237 sanctorum
1705 3173 1835 3236 Martini

162 3273 198 3327 et
220 3261 330 3327 Savini
354 3283 428 3326 cum
452 3261 577 3346 capella
599 3263 701 3326 sancti
724 3263 866 3326 Ermetis
889 3264 931 3326 ad
955 3265 1095 3327 eandem
1119 3265 1292 3329 ecclesiam
1316 3266 1506 3347 pertinente,
1529 3283 1604 3325 curn
1628 3265 1836 3345 paramentis

162 3353 263 3428 libris,
295 3355 378 3415 casis
408 3361 442 3416 et
474 3353 561 3427 ortis,
590 3354 700 3426 vineis,
731 3355 832 3428 terris,
864 3352 952 3416 silvis
984 3363 1018 3416 et
1048 3375 1121 3417 cum
1155 3355 1305 3417 omnibus
1332 3355 1374 3416 ad
1398 3353 1563 3437 predictas
1586 3352 1740 3415 ecclesias
1763 3372 1836 3434 per·

162 3442 351 3505 tinentibus.
396 3440 433 3504 In
464 3444 621 3505 comitatu
644 3439 845 3504 Ariminensi
876 3443 1046 3505 ecclesiam
1077 3446 1182 3507 sancti
1206 3445 1337 3507 Martini
1366 3445 1398 3505 in
1422 3441 1547 3524 Viginti
1580 3461 1654 3504 cum
1686 3439 1778 3504 libris
1801 3449 1835 3505 et

162 3532 371 3615 paramentis,
395 3551 468 3593 cum
493 3530 628 3593 decimis
651 3537 684 3593 et
706 3531 869 3612 primiciis,
893 3552 966 3594 cum
991 3532 1087 3595 bonis
1110 3542 1144 3596 et
1167 3531 1412 3596 rationabilibus
1431 3529 1731 3605 consuetudinibus,
1753 3550 1835 3610 quas

162 3624 197 3684 in
220 3641 259 3684 ea
282 3619 442 3684 hactenus
466 3619 626 3682 habuistis
648 3622 717 3682 sive
740 3621 772 3682 in
797 3620 1036 3684 visitationibus
1067 3621 1265 3685 infirmorum
1297 3621 1365 3684 sive
1395 3623 1427 3683 in
1450 3621 1567 3683 dandis
1591 3621 1777 3701 penitentiis
1801 3627 1836 3683 et

160 3709 385 3773 oblationibus
408 3719 621 3783 mortuorum,
651 3709 830 3791 presertim,
864 3730 928 3789 que
952 3730 994 3773 ex
1017 3710 1102 3786 villa,
1133 3711 1164 3773 in
1195 3731 1260 3792 qua
1283 3712 1354 3792 ipsa
1378 3708 1514 3774 ecclesia
1543 3710 1606 3772 sita
1637 3716 1695 3782 est,
1727 3716 1761 3771 et
1793 3728 1835 3772 ex

160 3800 355 3882 subscriptis
377 3798 460 3862 villis
482 3799 545 3862 sibi
566 3799 768 3880 proveniunt,
791 3798 945 3861 videlicet
961 3799 1122 3874 Materno,
1145 3801 1296 3874 Laureto,
1319 3801 1494 3862 iudeorum
1521 3807 1634 3861 monte
1650 3797 1835 3875 Masinario,

162 3890 300 3963 Metam,
324 3887 511 3970 Aquiniano
536 3887 649 3951 maiori
677 3895 711 3949 et
737 3889 855 3950 minori
888 3897 988 3970 atque
1011 3887 1152 3952 Casaria.
1201 3888 1335 3952 Plebem
1368 3908 1502 3970 quoque
1532 3889 1635 3950 sancti
1659 3885 1779 3968 Angeli
1803 3888 1836 3950 in

161 3978 277 4042 Salute
300 3997 374 4040 curn
398 3975 524 4059 capella
546 3997 605 4040 sua
626 3976 729 4038 sancti
751 3975 822 4039 Viti
847 3996 920 4040 cum
943 3977 1040 4052 libris,
1070 3978 1278 4060 paramentis,
1308 3980 1418 4052 vineis,
1451 3979 1554 4052 terris,
1584 3976 1682 4051 silvis,
1706 3975 1835 4052 salictis,

160 4070 274 4151 pratis,
297 4069 435 4149 pascuis,
458 4068 565 4149 puteis
588 4073 622 4128 et
645 4064 797 4141 sontibus,
821 4087 894 4128 cum
919 4067 1138 4130 oblationibus
1154 4075 1188 4130 et
1203 4067 1444 4131 visitationibus
1459 4066 1668 4140 infirmorum,
1692 4065 1836 4141 decimis,

162 4157 316 4241 primiciis
347 4164 380 4220 et
410 4176 484 4219 cum
509 4154 671 4230 omnibus
700 4155 743 4217 ad
770 4156 910 4218 eandem
935 4155 1067 4238 plebem
1092 4166 1126 4219 et
1156 4156 1317 4238 capellam
1350 4155 1595 4239 pertinentibus,
1625 4162 1659 4218 et
1681 4155 1836 4234 quicquid

161 4249 194 4309 in
217 4246 295 4310 villa
313 4245 465 4327 Bulgaria
488 4246 646 4308 canonice
669 4245 854 4326 possidetis,
877 4245 921 4306 ita
944 4253 1064 4320 tamen,
1087 4253 1123 4307 ut
1145 4247 1287 4308 sacrario
1310 4254 1419 4308 vestre
1442 4246 1580 4308 ecclesie
1601 4243 1715 4306 libram
1740 4264 1836 4306 unam

161 4355 238 4399 cere
260 4334 461 4418 persolvatis,
483 4334 575 4397 salvo
591 4335 743 4396 nimirum
759 4353 868 4396 annuo
885 4353 992 4410 censu,
1016 4333 1138 4397 scilicet
1154 4342 1309 4416 quattuor
1331 4335 1511 4397 solidorum
1531 4341 1664 4396 monete
1677 4331 1837 4397 Venetice

161 4425 277 4488 vestris
300 4426 466 4507 episcopis
488 4422 715 4506 persolvendo.
761 4423 913 4486 Preterea
936 4423 1166 4487 confirmamus
1181 4424 1275 4487 vobis
1299 4423 1452 4487 ecclesias
1468 4423 1550 4486 inira
1572 4424 1719 4505 scriptas,
1748 4422 1838 4486 vide·

163 4515 241 4578 licet
262 4516 364 4577 sancti
390 4511 574 4588 Gaudentii,
603 4513 705 4575 sancti
728 4511 844 4576 Felicis
867 4520 902 4574 et
922 4515 1027 4575 sancti
1049 4513 1180 4576 Martini
1204 4512 1336 4589 Illeceti,
1360 4533 1425 4593 que
1448 4513 1597 4576 nimirum
1621 4511 1652 4573 in
1675 4512 1838 4575 territorio

161 4603 302 4666 Arimini
334 4604 365 4665 in
397 4601 496 4686 plebe
529 4609 641 4665 sancte
664 4598 827 4665 Columbe
859 4602 993 4665 fundate
1017 4622 1089 4665 esse
1113 4610 1297 4677 noscuntur,
1328 4622 1402 4664 cum
1432 4600 1678 4665 rationabilibus
1702 4620 1839 4663 consue·

161 4692 345 4767 tudinibus,
386 4712 459 4756 cum
488 4692 595 4762 libris,
626 4692 839 4772 paramentis,
872 4690 1026 4766 decimis,
1058 4692 1206 4774 primitiis
1244 4700 1344 4773 atque
1375 4690 1595 4754 oblationibus
1625 4691 1773 4752 vivorum
1805 4697 1839 4754 et

163 4791 369 4846 mortuorum
404 4789 437 4844 et
466 4782 536 4845 aliis
565 4778 718 4843 omnibus
748 4780 872 4843 eisdem
904 4781 1048 4843 ecclesiis
1081 4781 1328 4863 pertinentibus.
1381 4778 1455 4860 Que
1488 4782 1598 4843 omnia
1634 4778 1839 4861 disponendi,

163 4871 299 4954 regendi
316 4878 349 4934 et
365 4871 534 4934 ordinandi
550 4869 737 4932 facultatem
754 4877 853 4948 atque
869 4869 1030 4932 licentiam
1046 4869 1205 4945 habeatis,
1221 4870 1503 4949 quemadmodum
1519 4868 1562 4931 ab
1574 4866 1839 4931 Ariminensibus

163 4962 329 5044 episcopis
350 4960 447 5024 vobis
470 4978 662 5023 concessum
687 4978 760 5021 esse
783 4961 1000 5040 cognoscitur.
1046 4960 1099 5022 Ius
1121 4979 1255 5039 quoque
1285 4968 1319 5022 et
1346 4958 1553 5021 rationabiles
1576 4958 1839 5034 consuetudines,

164 5051 294 5131 quasin
316 5048 386 5112 aliis
401 5053 516 5114 vestris
533 5048 680 5112 ecclesiis
703 5046 859 5110 hactenus
874 5046 1032 5111 habuistis
1056 5057 1089 5111 et
1112 5070 1197 5111 nunc
1212 5042 1351 5123 habetis,
1366 5047 1463 5111 vobis
1480 5045 1704 5110 nichilominus
1720 5047 1839 5110 confir·

164 5159 301 5203 mamus.
348 5139 450 5203 Porro
473 5147 601 5222 partem
617 5143 759 5200 vestram
782 5135 826 5199 de
849 5137 918 5219 ripa
934 5156 1007 5201 cum
1024 5137 1160 5220 ripatico
1176 5158 1246 5212 sub,
1270 5158 1398 5200 necnon
1414 5137 1525 5199 usibus
1548 5137 1614 5198 suis
1638 5136 1800 5212 omnibus,
1820 5157 1840 5200 a

164 5231 279 5294 vestris
310 5229 475 5312 episcopis
507 5228 600 5292 vobis
630 5243 836 5302 concessam,
866 5247 927 5309 pro
952 5244 1017 5307 qua
1040 5227 1136 5290 etiam
1162 5227 1353 5309 pensionem
1383 5228 1481 5289 trium
1504 5224 1660 5289 librarum
1684 5234 1841 5289 consuete

165 5326 295 5383 monete
312 5317 410 5382 nobis
433 5321 618 5400 nostrisque
632 5314 874 5378 successoribus
891 5315 1020 5379 debetis
1034 5315 1215 5379 annualiter
1229 5315 1368 5379 solvere.
1409 5314 1601 5378 Molendina
1619 5315 1717 5378 eliam
1732 5323 1840 5379 vestra

167 5429 238 5474 cum
253 5411 324 5473 iure
340 5415 374 5472 et
390 5409 541 5472 omnibus
557 5404 669 5471 usibus
684 5405 752 5466 suis
766 5405 862 5468 vobis
878 5407 1071 5469 auctoritate
1086 5405 1269 5490 apostolica
1286 5404 1489 5469 roboramus.
1519 5405 1736 5469 Decemimus
1752 5424 1840 5486 ergo,

168 5690 194 5725 tu
209 5677 312 5728 Rimim'.
331 5703 365 5715 -
390 5674 467 5743 Vergl.
489 5677 584 5737 Tonim',
603 5677 683 5726 Storia
700 5675 728 5723 di
744 5675 838 5724 rimini
855 5676 924 5740 Hp.
943 5679 1002 5727 567.
1023 5704 1053 5715 —
1079 5677 1157 5742 Vergl.
1176 5677 1213 5725 die
1234 5676 1295 5726 Uro.
1313 5690 1368 5724 vom
1388 5677 1424 5726 23
1442 5675 1575 5725 amenter
1593 5675 1671 5725 1183.

328 5608 353 5670 t)
372 5600 422 5655 Die
438 5599 564 5671 Abschrryt
579 5601 655 5654 diem
669 5601 785 5652 oriunda
801 5603 857 5652 und
872 5604 909 5653 die
920 5604 1100 5670 Bemerkuogen
1119 5605 1181 5653 dom
1199 5603 1319 5653 verdonke
1336 5603 1374 5653 ico
1385 5602 1469 5654 Herrn
1484 5603 1544 5652 Con.
1562 5601 1669 5651 Gaetono
1686 5482 1942 5824 Niccolin]

217 5787 237 5816 v.
250 5773 545 5825 Priuer-narrantia,
559 5771 617 5813 ner·
630 5771 673 5813 111.
1613 5762 1627 5818 5
