3982 6194
915 415 982 489 Nr.
1013 417 1075 488 35.

159 562 322 629 Honorius
338 562 382 628 ll
392 565 543 648 bestetigt
555 565 628 628 dem
647 563 782 648 Kapitel
793 586 854 628 reon
871 564 931 628 Se·
943 563 1072 628 Vinecnt
1086 565 1126 628 dc
1142 564 1255 629 Senlis‘
1266 567 1353 628 seiae
1372 565 1474 629 Gtiter
1488 565 1556 629 und
1568 565 1623 628 die
1638 563 1832 648 Augustiner

570 653 673 737 Regel
686 655 755 717 und
767 656 884 718 nimmt
898 677 932 718 es
949 656 982 717 in
1001 654 1233 737 apostoliscleen
1249 654 1367 718 Seleutz
1385 658 1423 735 ¹).

747 791 832 852 1125
850 788 997 851 Febrreerr
1012 790 1058 851 11.
1094 789 1244 851 Lateran.

319 939 484 1003 Honorius
516 942 700 1023 episcopus,
731 962 842 1004 servus
874 960 1043 1002 servorum
1067 938 1129 1012 dei,
1164 939 1292 1002 dilectis
1324 940 1354 1002 in
1387 941 1523 1003 domino
1556 939 1636 1014 filiis,
1670 938 1831 1002 Balduino

159 1027 269 1091 abbati
293 1038 325 1091 et
349 1029 470 1092 clericis
501 1032 534 1092 in
566 1030 703 1093 ecclesia
733 1033 836 1092 sancti
859 1031 1041 1101 Vincencii,
1066 1049 1130 1109 que
1161 1029 1192 1090 in
1224 1029 1382 1092 suburbio
1414 1029 1649 1094 Silvanectensi
1682 1030 1747 1091 sita
1779 1037 1832 1103 est,

159 1117 341 1199 regularem
373 1121 472 1182 vitam
506 1118 678 1200 professis,
719 1128 786 1182 tam
819 1118 1025 1201 presentibus
1057 1138 1155 1197 quam
1195 1117 1323 1193 suturis,
1361 1120 1391 1180 in
1425 1128 1630 1201 perpetuum.
1685 1116 1743 1179 Ad
1775 1117 1832 1181 hoc

159 1208 347 1269 universalis
377 1208 513 1271 ecclesie
545 1229 621 1270 cura
653 1209 748 1271 nobis
779 1231 798 1272 a
828 1210 999 1290 provisore
1030 1209 1177 1269 omnium
1213 1207 1375 1270 bonorum
1406 1209 1471 1271 deo
1503 1209 1679 1271 commissa
1711 1215 1771 1282 est,
1803 1217 1834 1270 ut

159 1296 326 1379 religiosas
349 1297 520 1379 diligamus
544 1317 700 1380 personas
724 1307 757 1360 et
773 1297 1046 1379 beneplacentem
1063 1297 1127 1359 deo
1144 1296 1334 1378 religionem
1351 1298 1542 1360 studeamus
1559 1298 1667 1360 modis
1683 1297 1834 1359 omnibus

159 1407 357 1468 propagare;
381 1407 441 1449 nec
461 1389 547 1450 enim
572 1387 636 1449 deo
661 1396 770 1468 gratus
793 1386 971 1466 aliquando
996 1385 1169 1447 famulatus
1193 1386 1399 1468 impenditur,
1424 1387 1480 1448 nisi
1504 1407 1546 1448 ex
1569 1387 1711 1449 caritatis
1729 1388 1834 1449 radice

159 1476 342 1558 procedens
374 1497 393 1538 a
425 1476 564 1558 puritate
602 1476 765 1559 religionis
803 1475 898 1538 suerit
929 1482 1149 1537 conservatus.
1206 1473 1419 1557 Quapropter
1459 1476 1590 1549 vestriS,
1631 1478 1661 1537 in
1701 1475 1835 1538 domino

158 1565 312 1627 carissimi
326 1564 388 1641 filii,
400 1565 492 1628 iustis
508 1565 721 1647 petitionibus
736 1586 902 1628 assensum
916 1564 1101 1647 prebentes
1115 1563 1286 1627 ecclesiam
1300 1566 1386 1627 beati
1399 1564 1569 1629 Vincencii
1583 1564 1834 1628 Silvanectensis

160 1656 192 1715 in
226 1654 335 1717 alodio
369 1655 467 1736 regali
491 1676 510 1717 a
534 1674 611 1736 rege
635 1655 835 1717 Francorum
859 1653 986 1736 Philipo
1004 1655 1029 1732 2)
1062 1662 1094 1715 et
1126 1662 1230 1716 matre
1261 1676 1319 1716 sua
1343 1655 1439 1717 Anna
1456 1654 1481 1732 3)
1515 1655 1699 1728 fundatam,
1731 1653 1835 1717 multis

159 1744 419 1825 possessionibus
441 1745 589 1807 dotatam
615 1753 647 1806 et
664 1747 751 1807 omni
768 1743 908 1806 libertati
924 1744 965 1806 ad
982 1745 1081 1806 instar
1097 1742 1307 1805 ecclesiarum
1327 1743 1518 1824 regularium
1536 1752 1648 1807 sancte
1665 1741 1835 1807 Genovefe

158 1834 344 1896 Parisiensis
359 1835 530 1913 sanctique
546 1833 736 1897 Trambaldi
749 1832 1003 1896 Silvanectensis
1015 1834 1172 1895 donatam
1189 1833 1411 1914 cognovimus
1424 1832 1556 1895 —hanc
1571 1841 1681 1895 autem
1699 1833 1836 1896 ecclesia

156 1922 354 2005 negligencia
384 1921 606 1985 habitancium
641 1923 683 1985 ad
716 1943 878 1985 summam
911 1923 1039 2004 penitus
1070 1923 1233 1984 miseriam
1265 1923 1535 1985 deductam—in
1559 1931 1711 2005 tempore
1736 1925 1836 1986 nostri

155 2013 361 2093 apostolatus
384 2011 478 2074 oculo
503 2013 634 2095 pietatis
658 2022 692 2074 et
716 2012 939 2075 misericordie
964 2011 1181 2093 respicientes,
1213 2012 1274 2073 sub
1307 2010 1421 2074 tutella
1445 2011 1533 2075 beati
1558 2012 1643 2074 Petri
1667 2019 1701 2074 et
1726 2021 1836 2075 nostra

155 2102 348 2183 suscipimus
372 2109 406 2164 et
421 2100 487 2175 has,
512 2122 593 2182 quas
609 2103 693 2163 iuste
711 2102 847 2175 obtinet,
872 2109 906 2164 ut
922 2120 1054 2182 semper
1070 2100 1228 2175 obtineat,
1244 2100 1420 2175 libertates,
1444 2104 1638 2164 auctoritate
1654 2100 1836 2183 apostolice

156 2191 322 2272 dignitatis
345 2189 584 2265 confirmamus,
609 2190 760 2269 quatinus
784 2191 902 2253 eadem
925 2190 1064 2253 ecclesia
1087 2190 1119 2251 in
1143 2192 1233 2251 omni
1250 2188 1400 2253 libertate
1416 2211 1490 2252 cum
1507 2191 1670 2265 domibuS,
1696 2190 1836 2253 claustro

156 2290 188 2342 et
211 2283 294 2343 atrio
323 2287 515 2363 permaneat
538 2289 571 2343 et
603 2288 727 2343 uttam
754 2281 979 2362 possessiones
1007 2287 1041 2341 et
1064 2277 1160 2353 bona,
1191 2299 1290 2358 quam
1322 2278 1431 2341 clerici
1465 2288 1498 2342 et
1529 2281 1706 2342 servientes
1739 2287 1837 2361 atque

155 2369 306 2444 scolares,
337 2370 393 2450 qui
425 2369 467 2431 ad
498 2369 545 2431 ius
578 2369 704 2453 prefate
737 2369 875 2432 ecclesie
907 2370 1072 2450 pertinere
1106 2375 1291 2443 noscuntur,
1323 2368 1384 2430 sub
1417 2370 1520 2450 ipsius
1550 2369 1686 2432 ecclesie
1719 2369 1834 2451 prelati

155 2466 318 2541 potestate
342 2460 520 2520 consistant
549 2468 581 2521 et
604 2459 647 2521 ab
672 2458 716 2520 eis
746 2452 946 2530 oblaciones,
974 2458 1120 2520 decimas
1144 2466 1177 2519 et
1200 2478 1316 2520 omnes
1340 2459 1389 2519 sui
1413 2457 1486 2518 iuris
1510 2459 1657 2521 redditus
1682 2467 1833 2541 repetens

155 2548 260 2611 officia
284 2547 529 2622 christianitatis,
554 2549 702 2611 eiusdem
725 2547 864 2610 ecclesie
888 2547 995 2609 clerici
1022 2546 1160 2610 honeste
1175 2568 1214 2609 ac
1235 2547 1449 2629 solempniter
1472 2547 1625 2610 omnibus
1642 2549 1834 2630 impendere

154 2639 317 2713 studeant,
340 2637 371 2699 in
395 2637 511 2700 eadem
536 2640 639 2700 eciam
664 2638 810 2711 ecclesia,
835 2645 870 2698 ut
893 2636 1001 2699 clerici
1031 2636 1193 2717 regulares
1221 2636 1283 2697 sub
1312 2635 1515 2717 prefessione
1547 2637 1635 2700 beati
1659 2637 1833 2719 Augustini

156 2726 390 2809 perpetualiter
421 2727 485 2789 deo
516 2727 718 2801 deserviant,
751 2726 958 2808 precipimus
1006 2727 1049 2788 Et
1083 2745 1124 2788 ne
1156 2727 1229 2807 quis
1260 2727 1366 2807 ipsum
1400 2727 1551 2788 ordinem
1580 2729 1753 2789 immutare
1784 2727 1834 2790 vel

156 2816 338 2879 disturbare
362 2825 538 2898 presumat,
569 2816 630 2880 sub
653 2815 861 2879 anathemate
885 2815 1116 2878 interdicimus
1150 2814 1263 2889 Porro,
1288 2834 1495 2896 quecumque
1519 2817 1730 2879 concessione
1754 2838 1834 2898 pon-

155 2905 285 2980 tificum,
316 2905 474 2968 liberalite
499 2926 620 2987 regum,
653 2905 820 2987 largitione
844 2905 1036 2986 principum,
1068 2903 1236 2967 oblatione
1260 2903 1404 2966 fidelium
1427 2912 1483 2967 aut
1506 2904 1576 2967 aliis
1605 2904 1694 2967 iustis
1727 2907 1834 2969 modis

155 2994 392 3076 presentialiter
413 2995 591 3077 possidetis
614 2995 681 3057 sive
704 2997 735 3057 in
760 2993 901 3056 futurum
927 2996 1010 3056 iuste
1033 3001 1133 3073 atque
1148 2995 1303 3055 canonice
1319 2993 1495 3074 acquirere,
1519 2995 1655 3057 domino
1679 2995 1834 3070 donante,

157 3084 312 3165 poteritis,
336 3084 446 3164 quieta
470 3083 563 3147 vobis
586 3093 619 3147 et
643 3087 834 3147 inconcussa
858 3090 1072 3165 permaneant
1096 3129 1294 3145 .......

314 3175 438 3236 Datum
450 3174 613 3249 Laterani,
631 3194 689 3255 per
706 3194 835 3236 manum
848 3171 1015 3263 Aimerici,
1028 3180 1139 3234 sancte
1150 3172 1301 3234 Romane
1318 3170 1454 3233 ecclesie
1471 3171 1598 3234 diaconi
1615 3173 1789 3237 cardinalis
1802 3182 1835 3237 et

155 3262 347 3326 cancellarii.
371 3278 408 3326 ΙΙΙ
425 3261 500 3325 Idus
517 3263 696 3326 Februarii.
721 3262 959 3325 Indictionelll.
990 3261 1225 3324 iucarnationis
1242 3261 1403 3323 dominice
1420 3281 1504 3324 anno
1522 3262 1834 3327 millesimocxxllll.

157 3351 369 3415 Pontificatus
392 3360 501 3414 autem
527 3353 638 3415 domni
663 3351 800 3415 Honorii
822 3351 955 3414 secundi
981 3371 1069 3433 pape
1092 3372 1177 3414 anno
1202 3351 1317 3433 primo.

314 3466 437 3531 Absclm'st
453 3482 508 3514 vem
530 3467 609 3531 Johre
623 3467 697 3525 1191,
716 3466 750 3514 im
769 3465 1062 3530 Depnrtcmmtalorchr've
1079 3483 1109 3513 zu
1128 3466 1256 3514 Beeeevais.

315 3539 345 3586 ln
364 3538 416 3586 dem
431 3537 537 3605 gleichen
556 3539 658 3586 Archive
680 3538 785 3602 befinden
804 3537 853 3585 sicle
877 3537 939 3585 auch
958 3538 1018 3585 neele
1036 3539 1094 3586 ewer'
1109 3538 1201 3585 rueitere
1220 3538 1311 3601 liirpien
1335 3553 1382 3585 verr
1403 3537 1605 3600 I‘apslurkundere
1616 3539 1670 3602 fiir
1687 3541 1733 3587 das
1748 3540 1837 3603 gleiche

154 3611 221 3674 Seise,
240 3611 289 3659 cine
307 3611 422 3659 [remeent
440 3610 474 3657 Il
485 3625 540 3657 vom
558 3613 573 3656 9
594 3609 726 3657 November
745 3611 808 3658 1131
829 3609 884 3657 emd
899 3609 948 3658 eine
966 3609 1066 3674 Eeegens
1086 3609 1134 3658 ΙΙΙ
1144 3625 1198 3657 rum
1219 3613 1234 3654 d
1254 3608 1310 3657 Mai
1332 3612 1403 3657 1117.
1448 3611 1525 3674 Vergl.
1545 3609 1683 3659 Inverrtuire
1703 3612 1837 3662 Soreerrraire

154 3683 182 3730 de
198 3682 274 3731 lOise
287 3689 314 3747 p.
335 3684 390 3731 117.
427 3682 489 3730 Eine
506 3696 728 3746 vorueesgegangene
749 3680 867 3730 Urleunde
890 3681 983 3730 Calirts
1000 3681 1031 3729 II
1045 3681 1154 3730 ebendort
1171 3681 1226 3728 med
1245 3679 1324 3748 Joffe',
1343 3683 1401 3746 Reg.
1421 3685 1497 3730 4911.

911 4072 977 4145 Nr.
1009 4075 1070 4145 36.

154 4224 317 4288 Honorius
333 4224 378 4287 ll
393 4225 511 4287 nimmt
531 4223 592 4287 den
611 4215 931 4288 Kanonekerleonvent
952 4243 1012 4285 von
1030 4221 1142 4286 Narne'
1162 4225 1195 4286 e'n
1217 4225 1448 4308 apostolisclzen
1464 4225 1582 4289 Scleeetz
1598 4226 1670 4288 und
1682 4224 1839 4310 beslotigt

758 4314 845 4376 seine
863 4311 965 4375 Ge'e'ter
978 4311 1048 4374 und
1062 4312 1178 4375 Rechte
1194 4315 1233 4392 ⁴).

768 4449 853 4508 1129
868 4444 971 4527 April
981 4448 1030 4507 10.
1067 4446 1216 4509 Lateran.

314 4581 481 4644 Honorius
514 4583 698 4663 episcopus
730 4602 842 4644 servus
873 4601 1040 4643 servorum
1073 4580 1134 4656 dei,
1166 4581 1293 4644 dilectis
1325 4581 1409 4656 filiis,
1444 4585 1631 4666 Pomponio
1662 4584 1763 4664 priori
1796 4604 1836 4645 ac

155 4673 292 4734 caeteris
316 4672 479 4734 canonicis
503 4670 661 4734 ecclesiae
676 4673 780 4733 sancti
798 4669 965 4744 luvenalis,
989 4679 1056 4732 tam
1074 4671 1299 4751 praesentibus
1316 4692 1414 4752 quam
1431 4672 1554 4747 futuris
1578 4674 1609 4734 in
1627 4681 1834 4754 perpetuum.

155 4758 294 4841 Quoties
326 4759 402 4822 illud
427 4760 564 4823 anobis
589 4762 730 4841 [petitun
763 4761 865 4842 quod]
890 4759 1071 4821 secundum
1096 4762 1255 4822 rationem
1281 4762 1441 4843 pertinere
1473 4763 1691 4843 cognoscitur,
1723 4764 1835 4824 animo

155 4871 215 4911 nos
240 4851 336 4912 decet
358 4849 472 4912 libenti
497 4850 682 4912 concedere
707 4859 740 4912 et
761 4858 909 4932 optatum
932 4848 1088 4929 impertiri
1104 4850 1302 4931 suffragium.
1343 4850 1497 4930 Ideoque,
1522 4851 1630 4913 dilecti
1647 4852 1679 4912 in
1697 4850 1834 4913 domino

155 4938 219 5012 filii,
242 4938 356 5001 vestris
380 4939 626 5003 rationabilibus
651 4938 927 5021 postulationibus
951 4946 1137 5013 annuenteS,
1162 4948 1304 5002 vestram
1321 4941 1534 5003 Narniensem
1556 4940 1657 5003 sancti
1674 4939 1835 5002 Iuvenalis

154 5027 325 5092 ecclesiam
357 5027 445 5090 beati
471 5028 557 5090 Petri
590 5030 796 5109 protectione
827 5029 998 5089 munimus
1046 5027 1242 5103 Statuentes,
1276 5038 1319 5105 ut,
1350 5048 1575 5108 quascumque
1599 5030 1833 5110 possessiones,

317 5278 341 5341 1)
361 5276 408 5326 Die
420 5276 544 5340 Abseltris!
554 5277 628 5325 dieser
643 5275 759 5324 Urkunde
777 5276 896 5324 verdanke
907 5276 945 5324 ich
959 5276 1043 5325 llerree
1055 5277 1178 5325 Archebnr
1196 5277 1228 5325 E.
1245 5276 1280 5324 (ὀ
1285 5274 1393 5323 nard-L
1400 5293 1417 5323 u
1419 5293 1455 5341 ys
1473 5294 1502 5325 zu
1515 5277 1643 5326 Beamuis.
1729 5284 1755 5335 2)
1777 5279 1833 5326 Plei-

153 5349 235 5413 lippl,
255 5349 341 5414 lr'e'rae'g
358 5366 405 5398 vem
424 5348 579 5408 Frankreieli,
600 5349 785 5407 rouo-1108,
804 5347 856 5396 hier
865 5347 933 5410 fehlt
950 5349 1001 5396 also
1019 5349 1056 5396 die
1074 5348 1240 5408 ellernoraliorq
1260 5347 1296 5395 uie
1314 5348 1369 5395 uber
1386 5348 1503 5396 vieller'elel
1519 5365 1570 5397 nur
1587 5350 1612 5396 in
1631 5350 1674 5397 der
1691 5351 1832 5398 verkie‘rrlen

154 5420 279 5485 Ahsrhrist
301 5421 466 5487 weggeblieben
491 5420 527 5468 ist.
648 5422 674 5481 3l
694 5421 782 5479 Aurea,
813 5419 912 5467 Toeleter
938 5420 1077 5483 Jarusleews
1103 5435 1150 5467 uon
1174 5420 1311 5477 lt'eessland,
1344 5418 1472 5468 Gemnhlire
1499 5420 1627 5469 Heinriehs
1645 5421 1663 5468 Ι
1684 5421 1728 5468 seit
1759 5424 1831 5471 1051.

154 5500 182 5554 4)
202 5494 249 5541 Die
265 5493 389 5557 Absehnfl
411 5493 486 5540 dieser
506 5492 622 5541 Urbende
646 5490 766 5540 verdanke
790 5490 827 5538 ide
850 5491 928 5538 durcle
951 5493 1033 5557 giiiige
1057 5491 1228 5554 Vermierelung
1249 5490 1291 5538 der
1315 5490 1409 5539 Horen
1429 5491 1512 5540 Boron
1536 5494 1565 5540 A.
1586 5493 1661 5540 Sensi
1683 5494 1739 5540 und
1767 5495 1836 5558 Graj

158 5566 184 5613 Ρ.
205 5565 328 5613 Manasser'
345 5565 397 5613 dem
421 5564 480 5612 Cern.
502 5564 559 5612 Dem
577 5565 664 5611 Romeo
677 5562 803 5627 Fagioli
819 5562 846 5610 ire
864 5562 953 5610 Numi.
965 5590 997 5598 -
1014 5562 1163 5611 Cathedralis
1181 5561 1323 5610 Namiensis
1340 5562 1435 5627 eiusque
1452 5563 1555 5626 eapriuli
1570 5572 1592 5611 et
1609 5565 1778 5613 canonicorum
1790 5574 1830 5615 etc.

155 5652 218 5685 neon.
248 5636 332 5685 Narm'
352 5639 426 5695 1770,
443 5643 469 5699 p.
491 5639 515 5683 6.
558 5636 636 5700 Vergl.
660 5632 738 5700 Jaffe,
757 5636 816 5700 Reg.
837 5637 907 5683 3444
926 5635 982 5682 und
997 5635 1034 5682 die
1055 5633 1171 5683 Urkunde
1189 5648 1243 5682 vom
1262 5634 1295 5682 29
1318 5633 1414 5683 October
1433 5637 1508 5685 1139.
