<?xml version="1.0" encoding="UTF-8"?>
<!DOCTYPE html PUBLIC "-//W3C//DTD XHTML 1.0 Transitional//EN"
    "http://www.w3.org/TR/xhtml1/DTD/xhtml1-transitional.dtd">
<html xmlns="http://www.w3.org/1999/xhtml" xml:lang="en" lang="en">
 <head>
  <title>
</title>
<meta http-equiv="Content-Type" content="text/html;charset=utf-8" />
  <meta name='ocr-system' content='tesseract 3.04.00' />
  <meta name='ocr-capabilities' content='ocr_page ocr_carea ocr_par ocr_line ocrx_word'/>
</head>
<body>
  <div class='ocr_page' id='page_1' title='image "actapontificumr00papagoog_0160.png"; bbox 0 0 3982 6194; ppageno 0'>
   <div class='ocr_carea' id='block_1_1' title="bbox 1759 288 1815 355">
    <p class='ocr_par' dir='ltr' id='par_1_1' title="bbox 1759 288 1815 355">
     <span class='ocr_line' id='line_1_1' title="bbox 1759 288 1815 355; baseline -0.018 -17"><span class='ocrx_word' id='word_1_1' title='bbox 1759 288 1815 355; x_wconf 79' lang='lat'>151</span> 
     </span>
    </p>
   </div>
   <div class='ocr_carea' id='block_1_2' title="bbox 152 456 1851 5078">
    <p class='ocr_par' dir='ltr' id='par_1_2' title="bbox 152 456 1851 3659">
     <span class='ocr_line' id='line_1_2' title="bbox 153 456 1821 542; baseline 0 -19"><span class='ocrx_word' id='word_1_2' title='bbox 153 462 213 524; x_wconf 93' lang='lat' dir='ltr'>tuis</span> <span class='ocrx_word' id='word_1_3' title='bbox 236 461 331 523; x_wconf 88' lang='lat' dir='ltr'>iustis</span> <span class='ocrx_word' id='word_1_4' title='bbox 354 459 569 542; x_wconf 86' lang='lat' dir='ltr'>petitionibus</span> <span class='ocrx_word' id='word_1_5' title='bbox 591 459 770 541; x_wconf 90' lang='lat' dir='ltr'>benignum</span> <span class='ocrx_word' id='word_1_6' title='bbox 798 456 1052 522; x_wconf 90' lang='lat' dir='ltr'>accomodantes</span> <span class='ocrx_word' id='word_1_7' title='bbox 1076 477 1249 532; x_wconf 86' lang='lat' dir='ltr'>assensum,</span> <span class='ocrx_word' id='word_1_8' title='bbox 1282 460 1324 521; x_wconf 92' lang='lat' dir='ltr'>ad</span> <span class='ocrx_word' id='word_1_9' title='bbox 1357 460 1525 542; x_wconf 87' lang='lat' dir='ltr'>exemplar</span> <span class='ocrx_word' id='word_1_10' title='bbox 1554 461 1821 541; x_wconf 85' lang='lat' dir='ltr'>predecessorum</span> 
     </span>
     <span class='ocr_line' id='line_1_3' title="bbox 154 543 1821 633; baseline 0 -21"><span class='ocrx_word' id='word_1_11' title='bbox 154 560 339 613; x_wconf 90' lang='lat' dir='ltr'>nostrorum</span> <span class='ocrx_word' id='word_1_12' title='bbox 362 550 484 612; x_wconf 89' lang='lat' dir='ltr'>Leonis</span> <span class='ocrx_word' id='word_1_13' title='bbox 515 551 593 612; x_wconf 94' lang='lat' dir='ltr'>noni</span> <span class='ocrx_word' id='word_1_14' title='bbox 613 548 636 633; x_wconf 89' lang='lat'>¹)</span> <span class='ocrx_word' id='word_1_15' title='bbox 667 557 700 611; x_wconf 87' lang='lat' dir='ltr'>et</span> <span class='ocrx_word' id='word_1_16' title='bbox 722 548 904 611; x_wconf 88' lang='lat' dir='ltr'>Alexandri</span> <span class='ocrx_word' id='word_1_17' title='bbox 934 546 1068 608; x_wconf 90' lang='lat' dir='ltr'>secundi</span> <span class='ocrx_word' id='word_1_18' title='bbox 1086 543 1119 629; x_wconf 78' lang='lat'>²),</span> <span class='ocrx_word' id='word_1_19' title='bbox 1151 548 1375 610; x_wconf 92' lang='lat' dir='ltr'>Romanorum</span> <span class='ocrx_word' id='word_1_20' title='bbox 1406 549 1607 630; x_wconf 88' lang='lat' dir='ltr'>pontificum,</span> <span class='ocrx_word' id='word_1_21' title='bbox 1640 551 1821 631; x_wconf 83' lang='lat' dir='ltr'>predictam</span> 
     </span>
     <span class='ocr_line' id='line_1_4' title="bbox 152 637 1821 721; baseline -0.001 -19"><span class='ocrx_word' id='word_1_22' title='bbox 152 641 409 702; x_wconf 88' lang='lat' dir='ltr'>Lateranensem</span> <span class='ocrx_word' id='word_1_23' title='bbox 433 639 613 713; x_wconf 90' lang='lat' dir='ltr'>ecclesiam,</span> <span class='ocrx_word' id='word_1_24' title='bbox 644 639 694 700; x_wconf 90' lang='lat' dir='ltr'>cui</span> <span class='ocrx_word' id='word_1_25' title='bbox 719 638 782 700; x_wconf 87' lang='lat' dir='ltr'>deo</span> <span class='ocrx_word' id='word_1_26' title='bbox 811 647 943 700; x_wconf 89' lang='lat' dir='ltr'>auctore</span> <span class='ocrx_word' id='word_1_27' title='bbox 967 655 1097 716; x_wconf 89' lang='lat' dir='ltr'>preesse</span> <span class='ocrx_word' id='word_1_28' title='bbox 1121 637 1307 712; x_wconf 84' lang='lat' dir='ltr'>dinosceris,</span> <span class='ocrx_word' id='word_1_29' title='bbox 1338 639 1519 719; x_wconf 89' lang='lat' dir='ltr'>apostolice</span> <span class='ocrx_word' id='word_1_30' title='bbox 1542 640 1628 701; x_wconf 91' lang='lat' dir='ltr'>sedis</span> <span class='ocrx_word' id='word_1_31' title='bbox 1652 640 1821 721; x_wconf 89' lang='lat' dir='ltr'>privilegio</span> 
     </span>
     <span class='ocr_line' id='line_1_5' title="bbox 154 726 1821 808; baseline -0.001 -17"><span class='ocrx_word' id='word_1_32' title='bbox 154 729 402 791; x_wconf 89' lang='lat' dir='ltr'>communimus.</span> <span class='ocrx_word' id='word_1_33' title='bbox 464 727 667 801; x_wconf 87' lang='lat' dir='ltr'>Statuentes,</span> <span class='ocrx_word' id='word_1_34' title='bbox 716 733 751 788; x_wconf 87' lang='lat' dir='ltr'>ut</span> <span class='ocrx_word' id='word_1_35' title='bbox 791 744 1013 808; x_wconf 92' lang='lat' dir='ltr'>quascumque</span> <span class='ocrx_word' id='word_1_36' title='bbox 1051 726 1290 805; x_wconf 88' lang='lat' dir='ltr'>possessiones,</span> <span class='ocrx_word' id='word_1_37' title='bbox 1339 747 1543 808; x_wconf 92' lang='lat' dir='ltr'>quecumque</span> <span class='ocrx_word' id='word_1_38' title='bbox 1579 726 1668 790; x_wconf 92' lang='lat' dir='ltr'>bona</span> <span class='ocrx_word' id='word_1_39' title='bbox 1706 728 1821 790; x_wconf 91' lang='lat' dir='ltr'>eadem</span> 
     </span>
     <span class='ocr_line' id='line_1_6' title="bbox 154 814 1821 898; baseline -0.001 -18"><span class='ocrx_word' id='word_1_40' title='bbox 154 818 291 880; x_wconf 89' lang='lat' dir='ltr'>ecclesia</span> <span class='ocrx_word' id='word_1_41' title='bbox 315 818 348 879; x_wconf 94' lang='lat' dir='ltr'>in</span> <span class='ocrx_word' id='word_1_42' title='bbox 372 817 606 898; x_wconf 89' lang='lat' dir='ltr'>presentiarum</span> <span class='ocrx_word' id='word_1_43' title='bbox 632 817 714 879; x_wconf 90' lang='lat' dir='ltr'>iuste</span> <span class='ocrx_word' id='word_1_44' title='bbox 741 825 774 877; x_wconf 91' lang='lat' dir='ltr'>et</span> <span class='ocrx_word' id='word_1_45' title='bbox 805 816 961 878; x_wconf 90' lang='lat' dir='ltr'>canonice</span> <span class='ocrx_word' id='word_1_46' title='bbox 984 814 1147 894; x_wconf 82' lang='lat' dir='ltr'>possidet,</span> <span class='ocrx_word' id='word_1_47' title='bbox 1181 825 1235 876; x_wconf 90' lang='lat' dir='ltr'>aut</span> <span class='ocrx_word' id='word_1_48' title='bbox 1266 816 1297 877; x_wconf 94' lang='lat' dir='ltr'>in</span> <span class='ocrx_word' id='word_1_49' title='bbox 1331 816 1468 878; x_wconf 79' lang='lat' dir='ltr'>futurum</span> <span class='ocrx_word' id='word_1_50' title='bbox 1501 818 1711 879; x_wconf 87' lang='lat' dir='ltr'>concessione</span> <span class='ocrx_word' id='word_1_51' title='bbox 1741 837 1821 898; x_wconf 92' lang='lat' dir='ltr'>pon·</span> 
     </span>
     <span class='ocr_line' id='line_1_7' title="bbox 153 902 1822 987; baseline 0 -20"><span class='ocrx_word' id='word_1_52' title='bbox 153 907 294 982; x_wconf 86' lang='lat' dir='ltr'>tificum,</span> <span class='ocrx_word' id='word_1_53' title='bbox 332 906 505 987; x_wconf 87' lang='lat' dir='ltr'>largitione</span> <span class='ocrx_word' id='word_1_54' title='bbox 545 925 657 986; x_wconf 90' lang='lat' dir='ltr'>regum</span> <span class='ocrx_word' id='word_1_55' title='bbox 687 904 738 966; x_wconf 90' lang='lat' dir='ltr'>vel</span> <span class='ocrx_word' id='word_1_56' title='bbox 769 905 970 985; x_wconf 84' lang='lat' dir='ltr'>principum,</span> <span class='ocrx_word' id='word_1_57' title='bbox 1011 902 1180 964; x_wconf 92' lang='lat' dir='ltr'>oblatione</span> <span class='ocrx_word' id='word_1_58' title='bbox 1217 903 1360 966; x_wconf 88' lang='lat' dir='ltr'>fidelium</span> <span class='ocrx_word' id='word_1_59' title='bbox 1400 926 1455 966; x_wconf 90' lang='lat' dir='ltr'>seu</span> <span class='ocrx_word' id='word_1_60' title='bbox 1491 906 1561 967; x_wconf 89' lang='lat' dir='ltr'>aliis</span> <span class='ocrx_word' id='word_1_61' title='bbox 1593 907 1683 968; x_wconf 91' lang='lat' dir='ltr'>iustis</span> <span class='ocrx_word' id='word_1_62' title='bbox 1716 906 1822 968; x_wconf 91' lang='lat' dir='ltr'>modis</span> 
     </span>
     <span class='ocr_line' id='line_1_8' title="bbox 154 991 1822 1076; baseline 0 -19"><span class='ocrx_word' id='word_1_63' title='bbox 154 998 214 1058; x_wconf 89' lang='lat' dir='ltr'>deo</span> <span class='ocrx_word' id='word_1_64' title='bbox 245 995 393 1076; x_wconf 92' lang='lat' dir='ltr'>propitio</span> <span class='ocrx_word' id='word_1_65' title='bbox 424 995 546 1076; x_wconf 87' lang='lat' dir='ltr'>poterit</span> <span class='ocrx_word' id='word_1_66' title='bbox 579 994 728 1075; x_wconf 88' lang='lat' dir='ltr'>adipisci,</span> <span class='ocrx_word' id='word_1_67' title='bbox 760 992 852 1056; x_wconf 90' lang='lat' dir='ltr'>firma</span> <span class='ocrx_word' id='word_1_68' title='bbox 876 993 935 1055; x_wconf 93' lang='lat' dir='ltr'>tibi</span> <span class='ocrx_word' id='word_1_69' title='bbox 958 991 1087 1072; x_wconf 92' lang='lat' dir='ltr'>tuisque</span> <span class='ocrx_word' id='word_1_70' title='bbox 1113 993 1353 1055; x_wconf 90' lang='lat' dir='ltr'>successoribus</span> <span class='ocrx_word' id='word_1_71' title='bbox 1384 1005 1418 1056; x_wconf 91' lang='lat' dir='ltr'>et</span> <span class='ocrx_word' id='word_1_72' title='bbox 1447 994 1571 1056; x_wconf 91' lang='lat' dir='ltr'>illibata</span> <span class='ocrx_word' id='word_1_73' title='bbox 1601 1004 1822 1075; x_wconf 90' lang='lat' dir='ltr'>permaneant.</span> 
     </span>
     <span class='ocr_line' id='line_1_9' title="bbox 153 1080 1822 1166; baseline -0.001 -19"><span class='ocrx_word' id='word_1_74' title='bbox 153 1086 185 1147; x_wconf 91' lang='lat' dir='ltr'>ln</span> <span class='ocrx_word' id='word_1_75' title='bbox 212 1085 335 1166; x_wconf 91' lang='lat' dir='ltr'>quibus</span> <span class='ocrx_word' id='word_1_76' title='bbox 363 1083 424 1146; x_wconf 92' lang='lat' dir='ltr'>hec</span> <span class='ocrx_word' id='word_1_77' title='bbox 454 1084 595 1164; x_wconf 88' lang='lat' dir='ltr'>propriis</span> <span class='ocrx_word' id='word_1_78' title='bbox 628 1083 779 1145; x_wconf 88' lang='lat' dir='ltr'>duximus</span> <span class='ocrx_word' id='word_1_79' title='bbox 807 1080 1023 1164; x_wconf 88' lang='lat' dir='ltr'>exprimenda</span> <span class='ocrx_word' id='word_1_80' title='bbox 1045 1080 1229 1144; x_wconf 90' lang='lat' dir='ltr'>vocabulis:</span> <span class='ocrx_word' id='word_1_81' title='bbox 1269 1083 1439 1145; x_wconf 90' lang='lat' dir='ltr'>ecclesiam</span> <span class='ocrx_word' id='word_1_82' title='bbox 1472 1084 1574 1146; x_wconf 89' lang='lat' dir='ltr'>sancti</span> <span class='ocrx_word' id='word_1_83' title='bbox 1598 1084 1750 1146; x_wconf 88' lang='lat' dir='ltr'>iohannis</span> <span class='ocrx_word' id='word_1_84' title='bbox 1780 1084 1822 1146; x_wconf 94' lang='lat' dir='ltr'>ad</span> 
     </span>
     <span class='ocr_line' id='line_1_10' title="bbox 154 1168 1821 1253; baseline -0.002 -16"><span class='ocrx_word' id='word_1_85' title='bbox 154 1176 278 1237; x_wconf 75' lang='lat' dir='ltr'>Pontes</span> <span class='ocrx_word' id='word_1_86' title='bbox 310 1183 343 1235; x_wconf 89' lang='lat' dir='ltr'>et</span> <span class='ocrx_word' id='word_1_87' title='bbox 373 1173 575 1234; x_wconf 90' lang='lat' dir='ltr'>oblationem</span> <span class='ocrx_word' id='word_1_88' title='bbox 614 1173 715 1253; x_wconf 90' lang='lat' dir='ltr'>ipsius</span> <span class='ocrx_word' id='word_1_89' title='bbox 753 1172 862 1233; x_wconf 90' lang='lat' dir='ltr'>altaris</span> <span class='ocrx_word' id='word_1_90' title='bbox 893 1171 946 1232; x_wconf 93' lang='lat' dir='ltr'>vel</span> <span class='ocrx_word' id='word_1_91' title='bbox 986 1168 1123 1231; x_wconf 89' lang='lat' dir='ltr'>ecclesie</span> <span class='ocrx_word' id='word_1_92' title='bbox 1164 1172 1195 1231; x_wconf 95' lang='lat' dir='ltr'>in</span> <span class='ocrx_word' id='word_1_93' title='bbox 1232 1171 1408 1252; x_wconf 89' lang='lat' dir='ltr'>integrum,</span> <span class='ocrx_word' id='word_1_94' title='bbox 1447 1193 1507 1234; x_wconf 92' lang='lat' dir='ltr'>nec</span> <span class='ocrx_word' id='word_1_95' title='bbox 1545 1193 1612 1234; x_wconf 88' lang='lat' dir='ltr'>non</span> <span class='ocrx_word' id='word_1_96' title='bbox 1652 1173 1821 1235; x_wconf 90' lang='lat' dir='ltr'>ecclesiam</span> 
     </span>
     <span class='ocr_line' id='line_1_11' title="bbox 154 1257 1822 1342; baseline -0.001 -17"><span class='ocrx_word' id='word_1_97' title='bbox 154 1265 255 1325; x_wconf 91' lang='lat' dir='ltr'>sancti</span> <span class='ocrx_word' id='word_1_98' title='bbox 281 1262 436 1324; x_wconf 88' lang='lat' dir='ltr'>iohannis</span> <span class='ocrx_word' id='word_1_99' title='bbox 459 1261 676 1342; x_wconf 89' lang='lat' dir='ltr'>Evangeliste,</span> <span class='ocrx_word' id='word_1_100' title='bbox 708 1260 880 1323; x_wconf 90' lang='lat' dir='ltr'>ecclesiam</span> <span class='ocrx_word' id='word_1_101' title='bbox 910 1269 1022 1321; x_wconf 88' lang='lat' dir='ltr'>sancte</span> <span class='ocrx_word' id='word_1_102' title='bbox 1051 1257 1168 1333; x_wconf 87' lang='lat' dir='ltr'>Crucis,</span> <span class='ocrx_word' id='word_1_103' title='bbox 1200 1260 1369 1322; x_wconf 88' lang='lat' dir='ltr'>ecclesiam</span> <span class='ocrx_word' id='word_1_104' title='bbox 1400 1263 1502 1323; x_wconf 94' lang='lat' dir='ltr'>sancti</span> <span class='ocrx_word' id='word_1_105' title='bbox 1526 1260 1690 1336; x_wconf 87' lang='lat' dir='ltr'>Venantii,</span> <span class='ocrx_word' id='word_1_106' title='bbox 1722 1261 1822 1324; x_wconf 90' lang='lat' dir='ltr'>eccle·</span> 
     </span>
     <span class='ocr_line' id='line_1_12' title="bbox 154 1347 1823 1430; baseline -0.001 -16"><span class='ocrx_word' id='word_1_107' title='bbox 154 1354 234 1414; x_wconf 91' lang='lat' dir='ltr'>siam</span> <span class='ocrx_word' id='word_1_108' title='bbox 259 1362 445 1413; x_wconf 92' lang='lat' dir='ltr'>sanctarum</span> <span class='ocrx_word' id='word_1_109' title='bbox 468 1349 586 1413; x_wconf 90' lang='lat' dir='ltr'>Rufine</span> <span class='ocrx_word' id='word_1_110' title='bbox 610 1360 642 1412; x_wconf 93' lang='lat' dir='ltr'>et</span> <span class='ocrx_word' id='word_1_111' title='bbox 666 1347 817 1412; x_wconf 89' lang='lat' dir='ltr'>Secunde</span> <span class='ocrx_word' id='word_1_112' title='bbox 842 1370 915 1412; x_wconf 94' lang='lat' dir='ltr'>cum</span> <span class='ocrx_word' id='word_1_113' title='bbox 939 1347 1091 1410; x_wconf 91' lang='lat' dir='ltr'>omnibus</span> <span class='ocrx_word' id='word_1_114' title='bbox 1122 1348 1164 1409; x_wconf 95' lang='lat' dir='ltr'>ad</span> <span class='ocrx_word' id='word_1_115' title='bbox 1187 1370 1222 1410; x_wconf 91' lang='lat' dir='ltr'>se</span> <span class='ocrx_word' id='word_1_116' title='bbox 1252 1351 1497 1430; x_wconf 89' lang='lat' dir='ltr'>pertinentibus,</span> <span class='ocrx_word' id='word_1_117' title='bbox 1528 1371 1570 1413; x_wconf 84' lang='lat' dir='ltr'>ex</span> <span class='ocrx_word' id='word_1_118' title='bbox 1602 1350 1690 1412; x_wconf 95' lang='lat' dir='ltr'>dono</span> <span class='ocrx_word' id='word_1_119' title='bbox 1722 1350 1823 1413; x_wconf 82' lang='lat' dir='ltr'>felicis</span> 
     </span>
     <span class='ocr_line' id='line_1_13' title="bbox 154 1435 1823 1521; baseline -0.001 -18"><span class='ocrx_word' id='word_1_120' title='bbox 154 1442 311 1503; x_wconf 92' lang='lat' dir='ltr'>memorie</span> <span class='ocrx_word' id='word_1_121' title='bbox 348 1440 588 1521; x_wconf 90' lang='lat' dir='ltr'>predecessoris</span> <span class='ocrx_word' id='word_1_122' title='bbox 630 1440 730 1501; x_wconf 89' lang='lat' dir='ltr'>nostri</span> <span class='ocrx_word' id='word_1_123' title='bbox 770 1458 858 1519; x_wconf 92' lang='lat' dir='ltr'>pape</span> <span class='ocrx_word' id='word_1_124' title='bbox 892 1438 983 1502; x_wconf 90' lang='lat' dir='ltr'>Lucii</span> <span class='ocrx_word' id='word_1_125' title='bbox 1014 1435 1038 1520; x_wconf 85' lang='lat'>³)</span> <span class='ocrx_word' id='word_1_126' title='bbox 1071 1437 1241 1499; x_wconf 88' lang='lat' dir='ltr'>ecclesiam</span> <span class='ocrx_word' id='word_1_127' title='bbox 1275 1441 1378 1501; x_wconf 89' lang='lat' dir='ltr'>sancti</span> <span class='ocrx_word' id='word_1_128' title='bbox 1412 1440 1542 1502; x_wconf 92' lang='lat' dir='ltr'>loannis</span> <span class='ocrx_word' id='word_1_129' title='bbox 1579 1447 1654 1501; x_wconf 93' lang='lat' dir='ltr'>ante</span> <span class='ocrx_word' id='word_1_130' title='bbox 1692 1447 1823 1520; x_wconf 90' lang='lat' dir='ltr'>portam</span> 
     </span>
     <span class='ocr_line' id='line_1_14' title="bbox 153 1526 1822 1610; baseline -0.001 -18"><span class='ocrx_word' id='word_1_131' title='bbox 153 1532 306 1593; x_wconf 90' lang='lat' dir='ltr'>Latinam</span> <span class='ocrx_word' id='word_1_132' title='bbox 330 1548 403 1590; x_wconf 91' lang='lat' dir='ltr'>cum</span> <span class='ocrx_word' id='word_1_133' title='bbox 428 1528 562 1610; x_wconf 90' lang='lat' dir='ltr'>capellis</span> <span class='ocrx_word' id='word_1_134' title='bbox 586 1538 618 1590; x_wconf 93' lang='lat' dir='ltr'>et</span> <span class='ocrx_word' id='word_1_135' title='bbox 641 1528 794 1590; x_wconf 92' lang='lat' dir='ltr'>omnibus</span> <span class='ocrx_word' id='word_1_136' title='bbox 818 1529 860 1590; x_wconf 93' lang='lat' dir='ltr'>ad</span> <span class='ocrx_word' id='word_1_137' title='bbox 884 1548 918 1590; x_wconf 92' lang='lat' dir='ltr'>se</span> <span class='ocrx_word' id='word_1_138' title='bbox 942 1526 1188 1608; x_wconf 88' lang='lat' dir='ltr'>pertinentibus,</span> <span class='ocrx_word' id='word_1_139' title='bbox 1219 1538 1252 1589; x_wconf 90' lang='lat' dir='ltr'>et</span> <span class='ocrx_word' id='word_1_140' title='bbox 1275 1527 1438 1609; x_wconf 92' lang='lat' dir='ltr'>hospitale</span> <span class='ocrx_word' id='word_1_141' title='bbox 1462 1529 1544 1590; x_wconf 85' lang='lat' dir='ltr'>inira</span> <span class='ocrx_word' id='word_1_142' title='bbox 1567 1541 1696 1609; x_wconf 93' lang='lat' dir='ltr'>portam</span> <span class='ocrx_word' id='word_1_143' title='bbox 1720 1530 1822 1591; x_wconf 92' lang='lat' dir='ltr'>sancti</span> 
     </span>
     <span class='ocr_line' id='line_1_15' title="bbox 152 1615 1824 1699; baseline -0.001 -17"><span class='ocrx_word' id='word_1_144' title='bbox 152 1620 309 1682; x_wconf 88' lang='lat' dir='ltr'>iohannis</span> <span class='ocrx_word' id='word_1_145' title='bbox 332 1638 407 1680; x_wconf 91' lang='lat' dir='ltr'>cum</span> <span class='ocrx_word' id='word_1_146' title='bbox 431 1615 584 1679; x_wconf 90' lang='lat' dir='ltr'>omnibus</span> <span class='ocrx_word' id='word_1_147' title='bbox 608 1617 811 1698; x_wconf 88' lang='lat' dir='ltr'>pertinentiis</span> <span class='ocrx_word' id='word_1_148' title='bbox 834 1618 908 1692; x_wconf 91' lang='lat' dir='ltr'>suis,</span> <span class='ocrx_word' id='word_1_149' title='bbox 939 1615 1108 1678; x_wconf 89' lang='lat' dir='ltr'>ecclesiam</span> <span class='ocrx_word' id='word_1_150' title='bbox 1136 1617 1239 1678; x_wconf 91' lang='lat' dir='ltr'>sancti</span> <span class='ocrx_word' id='word_1_151' title='bbox 1262 1615 1485 1679; x_wconf 86' lang='lat' dir='ltr'>Bartholomci</span> <span class='ocrx_word' id='word_1_152' title='bbox 1516 1637 1589 1679; x_wconf 92' lang='lat' dir='ltr'>cum</span> <span class='ocrx_word' id='word_1_153' title='bbox 1621 1618 1824 1699; x_wconf 89' lang='lat' dir='ltr'>pertinentiis</span> 
     </span>
     <span class='ocr_line' id='line_1_16' title="bbox 153 1704 1851 1787; baseline -0.001 -17"><span class='ocrx_word' id='word_1_154' title='bbox 153 1711 233 1783; x_wconf 91' lang='lat' dir='ltr'>suis,</span> <span class='ocrx_word' id='word_1_155' title='bbox 265 1707 439 1770; x_wconf 90' lang='lat' dir='ltr'>ecclesiam</span> <span class='ocrx_word' id='word_1_156' title='bbox 470 1707 574 1769; x_wconf 91' lang='lat' dir='ltr'>sancti</span> <span class='ocrx_word' id='word_1_157' title='bbox 598 1707 762 1781; x_wconf 89' lang='lat' dir='ltr'>Danielis,</span> <span class='ocrx_word' id='word_1_158' title='bbox 794 1714 933 1769; x_wconf 87' lang='lat' dir='ltr'>castrum</span> <span class='ocrx_word' id='word_1_159' title='bbox 960 1706 1052 1768; x_wconf 89' lang='lat' dir='ltr'>Plate</span> <span class='ocrx_word' id='word_1_160' title='bbox 1084 1724 1157 1765; x_wconf 87' lang='lat' dir='ltr'>curn</span> <span class='ocrx_word' id='word_1_161' title='bbox 1190 1704 1333 1768; x_wconf 89' lang='lat' dir='ltr'>ecclesiis</span> <span class='ocrx_word' id='word_1_162' title='bbox 1365 1716 1399 1768; x_wconf 92' lang='lat' dir='ltr'>et</span> <span class='ocrx_word' id='word_1_163' title='bbox 1428 1707 1580 1769; x_wconf 91' lang='lat' dir='ltr'>omnibus</span> <span class='ocrx_word' id='word_1_164' title='bbox 1611 1707 1823 1787; x_wconf 88' lang='lat' dir='ltr'>pertinentiis,</span> <span class='ocrx_word' id='word_1_165' title='bbox 1849 1781 1851 1784; x_wconf 9' lang='grc' dir='ltr'><em>Α</em></span> 
     </span>
     <span class='ocr_line' id='line_1_17' title="bbox 153 1794 1824 1876; baseline -0.001 -16"><span class='ocrx_word' id='word_1_166' title='bbox 153 1798 326 1860; x_wconf 91' lang='lat' dir='ltr'>ecclesiam</span> <span class='ocrx_word' id='word_1_167' title='bbox 350 1801 462 1857; x_wconf 91' lang='lat' dir='ltr'>sancte</span> <span class='ocrx_word' id='word_1_168' title='bbox 487 1796 590 1856; x_wconf 87' lang='lat' dir='ltr'>Marie</span> <span class='ocrx_word' id='word_1_169' title='bbox 613 1795 704 1858; x_wconf 92' lang='lat' dir='ltr'>collis</span> <span class='ocrx_word' id='word_1_170' title='bbox 727 1795 829 1876; x_wconf 91' lang='lat' dir='ltr'>Scipii</span> <span class='ocrx_word' id='word_1_171' title='bbox 859 1815 932 1858; x_wconf 87' lang='lat' dir='ltr'>curn</span> <span class='ocrx_word' id='word_1_172' title='bbox 965 1794 1176 1875; x_wconf 85' lang='lat' dir='ltr'>pertinentiis,</span> <span class='ocrx_word' id='word_1_173' title='bbox 1210 1794 1399 1857; x_wconf 89' lang='lat' dir='ltr'>suburbium</span> <span class='ocrx_word' id='word_1_174' title='bbox 1432 1796 1522 1876; x_wconf 89' lang='lat' dir='ltr'>quod</span> <span class='ocrx_word' id='word_1_175' title='bbox 1554 1806 1603 1858; x_wconf 91' lang='lat' dir='ltr'>est</span> <span class='ocrx_word' id='word_1_176' title='bbox 1631 1797 1716 1858; x_wconf 91' lang='lat' dir='ltr'>circa</span> <span class='ocrx_word' id='word_1_177' title='bbox 1739 1794 1824 1858; x_wconf 91' lang='lat' dir='ltr'>Con·</span> 
     </span>
     <span class='ocr_line' id='line_1_18' title="bbox 152 1882 1823 1965; baseline -0.002 -16"><span class='ocrx_word' id='word_1_178' title='bbox 152 1886 386 1949; x_wconf 88' lang='lat' dir='ltr'>stantinianam</span> <span class='ocrx_word' id='word_1_179' title='bbox 410 1884 579 1946; x_wconf 87' lang='lat' dir='ltr'>basilicam</span> <span class='ocrx_word' id='word_1_180' title='bbox 603 1885 634 1945; x_wconf 91' lang='lat' dir='ltr'>in</span> <span class='ocrx_word' id='word_1_181' title='bbox 651 1883 799 1948; x_wconf 92' lang='lat' dir='ltr'>Stabello</span> <span class='ocrx_word' id='word_1_182' title='bbox 824 1885 914 1947; x_wconf 86' lang='lat' dir='ltr'>iuxta</span> <span class='ocrx_word' id='word_1_183' title='bbox 936 1904 1063 1945; x_wconf 90' lang='lat' dir='ltr'>sacrum</span> <span class='ocrx_word' id='word_1_184' title='bbox 1079 1882 1236 1962; x_wconf 91' lang='lat' dir='ltr'>palatium</span> <span class='ocrx_word' id='word_1_185' title='bbox 1253 1904 1326 1945; x_wconf 87' lang='lat' dir='ltr'>curn</span> <span class='ocrx_word' id='word_1_186' title='bbox 1343 1883 1496 1946; x_wconf 91' lang='lat' dir='ltr'>domibus</span> <span class='ocrx_word' id='word_1_187' title='bbox 1520 1904 1600 1965; x_wconf 89' lang='lat' dir='ltr'>quas</span> <span class='ocrx_word' id='word_1_188' title='bbox 1620 1885 1665 1946; x_wconf 94' lang='lat' dir='ltr'>ibi</span> <span class='ocrx_word' id='word_1_189' title='bbox 1686 1884 1823 1958; x_wconf 90' lang='lat' dir='ltr'>habetis,</span> 
     </span>
     <span class='ocr_line' id='line_1_19' title="bbox 153 1970 1824 2056; baseline -0.001 -19"><span class='ocrx_word' id='word_1_190' title='bbox 153 1977 273 2038; x_wconf 89' lang='lat' dir='ltr'>domos</span> <span class='ocrx_word' id='word_1_191' title='bbox 298 1994 379 2055; x_wconf 91' lang='lat' dir='ltr'>quas</span> <span class='ocrx_word' id='word_1_192' title='bbox 401 1972 530 2035; x_wconf 90' lang='lat' dir='ltr'>habetis</span> <span class='ocrx_word' id='word_1_193' title='bbox 553 1974 585 2034; x_wconf 93' lang='lat' dir='ltr'>in</span> <span class='ocrx_word' id='word_1_194' title='bbox 610 1975 738 2049; x_wconf 86' lang='lat' dir='ltr'>Forma,</span> <span class='ocrx_word' id='word_1_195' title='bbox 775 1973 893 2036; x_wconf 91' lang='lat' dir='ltr'>domos</span> <span class='ocrx_word' id='word_1_196' title='bbox 924 1993 1004 2056; x_wconf 92' lang='lat' dir='ltr'>quas</span> <span class='ocrx_word' id='word_1_197' title='bbox 1034 1970 1162 2035; x_wconf 91' lang='lat' dir='ltr'>habetis</span> <span class='ocrx_word' id='word_1_198' title='bbox 1191 1973 1222 2033; x_wconf 93' lang='lat' dir='ltr'>in</span> <span class='ocrx_word' id='word_1_199' title='bbox 1247 1971 1408 2048; x_wconf 87' lang='lat' dir='ltr'>Cancello,</span> <span class='ocrx_word' id='word_1_200' title='bbox 1441 1975 1558 2036; x_wconf 94' lang='lat' dir='ltr'>domos</span> <span class='ocrx_word' id='word_1_201' title='bbox 1583 1994 1663 2054; x_wconf 89' lang='lat' dir='ltr'>quas</span> <span class='ocrx_word' id='word_1_202' title='bbox 1697 1973 1824 2035; x_wconf 90' lang='lat' dir='ltr'>habetis</span> 
     </span>
     <span class='ocr_line' id='line_1_20' title="bbox 153 2060 1822 2143; baseline -0.001 -17"><span class='ocrx_word' id='word_1_203' title='bbox 153 2066 185 2127; x_wconf 92' lang='lat' dir='ltr'>in</span> <span class='ocrx_word' id='word_1_204' title='bbox 209 2064 276 2125; x_wconf 87' lang='lat' dir='ltr'>Via</span> <span class='ocrx_word' id='word_1_205' title='bbox 303 2063 427 2136; x_wconf 90' lang='lat' dir='ltr'>maiori,</span> <span class='ocrx_word' id='word_1_206' title='bbox 460 2073 600 2125; x_wconf 89' lang='lat' dir='ltr'>castrum</span> <span class='ocrx_word' id='word_1_207' title='bbox 631 2062 724 2124; x_wconf 90' lang='lat' dir='ltr'>vallis</span> <span class='ocrx_word' id='word_1_208' title='bbox 748 2063 916 2125; x_wconf 92' lang='lat' dir='ltr'>Montonis</span> <span class='ocrx_word' id='word_1_209' title='bbox 949 2082 1022 2123; x_wconf 91' lang='lat' dir='ltr'>cum</span> <span class='ocrx_word' id='word_1_210' title='bbox 1053 2060 1197 2124; x_wconf 90' lang='lat' dir='ltr'>ecclesiis</span> <span class='ocrx_word' id='word_1_211' title='bbox 1228 2069 1260 2123; x_wconf 91' lang='lat' dir='ltr'>et</span> <span class='ocrx_word' id='word_1_212' title='bbox 1291 2063 1444 2125; x_wconf 93' lang='lat' dir='ltr'>omnibus</span> <span class='ocrx_word' id='word_1_213' title='bbox 1473 2064 1515 2125; x_wconf 94' lang='lat' dir='ltr'>ad</span> <span class='ocrx_word' id='word_1_214' title='bbox 1547 2064 1652 2143; x_wconf 92' lang='lat' dir='ltr'>ipsum</span> <span class='ocrx_word' id='word_1_215' title='bbox 1684 2074 1822 2125; x_wconf 89' lang='lat' dir='ltr'>castrum</span> 
     </span>
     <span class='ocr_line' id='line_1_21' title="bbox 152 2150 1825 2235; baseline -0.002 -20"><span class='ocrx_word' id='word_1_216' title='bbox 152 2152 403 2235; x_wconf 91' lang='lat' dir='ltr'>pertinentibus,</span> <span class='ocrx_word' id='word_1_217' title='bbox 427 2161 567 2213; x_wconf 89' lang='lat' dir='ltr'>castrum</span> <span class='ocrx_word' id='word_1_218' title='bbox 592 2151 788 2213; x_wconf 90' lang='lat' dir='ltr'>Metellanici</span> <span class='ocrx_word' id='word_1_219' title='bbox 813 2172 886 2213; x_wconf 91' lang='lat' dir='ltr'>cum</span> <span class='ocrx_word' id='word_1_220' title='bbox 911 2150 1055 2215; x_wconf 92' lang='lat' dir='ltr'>ecclesiis</span> <span class='ocrx_word' id='word_1_221' title='bbox 1078 2161 1111 2213; x_wconf 91' lang='lat' dir='ltr'>et</span> <span class='ocrx_word' id='word_1_222' title='bbox 1134 2151 1287 2213; x_wconf 90' lang='lat' dir='ltr'>omnibus</span> <span class='ocrx_word' id='word_1_223' title='bbox 1307 2153 1349 2213; x_wconf 92' lang='lat' dir='ltr'>ad</span> <span class='ocrx_word' id='word_1_224' title='bbox 1380 2153 1486 2233; x_wconf 91' lang='lat' dir='ltr'>ipsum</span> <span class='ocrx_word' id='word_1_225' title='bbox 1509 2152 1762 2233; x_wconf 88' lang='lat' dir='ltr'>pertinentibus;</span> <span class='ocrx_word' id='word_1_226' title='bbox 1786 2172 1825 2213; x_wconf 91' lang='lat' dir='ltr'>ea</span> 
     </span>
     <span class='ocr_line' id='line_1_22' title="bbox 154 2240 1824 2324; baseline -0.002 -20"><span class='ocrx_word' id='word_1_227' title='bbox 154 2264 219 2324; x_wconf 90' lang='lat' dir='ltr'>que</span> <span class='ocrx_word' id='word_1_228' title='bbox 242 2240 373 2303; x_wconf 90' lang='lat' dir='ltr'>habetis</span> <span class='ocrx_word' id='word_1_229' title='bbox 396 2261 416 2301; x_wconf 92' lang='lat' dir='ltr'>a</span> <span class='ocrx_word' id='word_1_230' title='bbox 431 2240 576 2304; x_wconf 90' lang='lat' dir='ltr'>Guarino</span> <span class='ocrx_word' id='word_1_231' title='bbox 600 2240 632 2301; x_wconf 93' lang='lat' dir='ltr'>in</span> <span class='ocrx_word' id='word_1_232' title='bbox 655 2240 763 2314; x_wconf 87' lang='lat' dir='ltr'>Portu,</span> <span class='ocrx_word' id='word_1_233' title='bbox 788 2252 856 2303; x_wconf 92' lang='lat' dir='ltr'>tam</span> <span class='ocrx_word' id='word_1_234' title='bbox 881 2242 912 2303; x_wconf 93' lang='lat' dir='ltr'>in</span> <span class='ocrx_word' id='word_1_235' title='bbox 936 2240 1112 2304; x_wconf 90' lang='lat' dir='ltr'>mobilibus</span> <span class='ocrx_word' id='word_1_236' title='bbox 1137 2259 1234 2319; x_wconf 88' lang='lat' dir='ltr'>quarn</span> <span class='ocrx_word' id='word_1_237' title='bbox 1257 2240 1288 2301; x_wconf 91' lang='lat' dir='ltr'>in</span> <span class='ocrx_word' id='word_1_238' title='bbox 1306 2241 1536 2315; x_wconf 70' lang='lat' dir='ltr'>immobilibus</span> <span class='ocrx_word' id='word_1_239' title='bbox 1561 2261 1600 2302; x_wconf 89' lang='lat' dir='ltr'>ea</span> <span class='ocrx_word' id='word_1_240' title='bbox 1616 2261 1680 2321; x_wconf 89' lang='lat' dir='ltr'>que</span> <span class='ocrx_word' id='word_1_241' title='bbox 1695 2240 1824 2302; x_wconf 91' lang='lat' dir='ltr'>habetis</span> 
     </span>
     <span class='ocr_line' id='line_1_23' title="bbox 152 2329 1824 2411; baseline -0.001 -18"><span class='ocrx_word' id='word_1_242' title='bbox 152 2333 185 2393; x_wconf 93' lang='lat' dir='ltr'>in</span> <span class='ocrx_word' id='word_1_243' title='bbox 202 2332 339 2393; x_wconf 91' lang='lat' dir='ltr'>circuitu</span> <span class='ocrx_word' id='word_1_244' title='bbox 354 2340 460 2391; x_wconf 91' lang='lat' dir='ltr'>vestre</span> <span class='ocrx_word' id='word_1_245' title='bbox 476 2329 621 2403; x_wconf 90' lang='lat' dir='ltr'>ecclesie,</span> <span class='ocrx_word' id='word_1_246' title='bbox 638 2340 739 2391; x_wconf 89' lang='lat' dir='ltr'>terras</span> <span class='ocrx_word' id='word_1_247' title='bbox 754 2330 914 2406; x_wconf 88' lang='lat' dir='ltr'>videlicet,</span> <span class='ocrx_word' id='word_1_248' title='bbox 931 2339 1021 2393; x_wconf 90' lang='lat' dir='ltr'>ortos</span> <span class='ocrx_word' id='word_1_249' title='bbox 1036 2340 1069 2391; x_wconf 92' lang='lat' dir='ltr'>et</span> <span class='ocrx_word' id='word_1_250' title='bbox 1085 2329 1190 2390; x_wconf 91' lang='lat' dir='ltr'>lacum</span> <span class='ocrx_word' id='word_1_251' title='bbox 1201 2329 1370 2391; x_wconf 91' lang='lat' dir='ltr'>Decennia</span> <span class='ocrx_word' id='word_1_252' title='bbox 1385 2350 1457 2391; x_wconf 92' lang='lat' dir='ltr'>cum</span> <span class='ocrx_word' id='word_1_253' title='bbox 1476 2330 1598 2411; x_wconf 89' lang='lat' dir='ltr'>cryptis</span> <span class='ocrx_word' id='word_1_254' title='bbox 1614 2340 1647 2391; x_wconf 91' lang='lat' dir='ltr'>et</span> <span class='ocrx_word' id='word_1_255' title='bbox 1658 2329 1824 2410; x_wconf 87' lang='lat' dir='ltr'>parietinis</span> 
     </span>
     <span class='ocr_line' id='line_1_24' title="bbox 153 2417 1825 2500; baseline -0.002 -17"><span class='ocrx_word' id='word_1_256' title='bbox 153 2442 192 2483; x_wconf 90' lang='lat' dir='ltr'>ac</span> <span class='ocrx_word' id='word_1_257' title='bbox 217 2418 410 2500; x_wconf 84' lang='lat' dir='ltr'>cannapinis</span> <span class='ocrx_word' id='word_1_258' title='bbox 438 2438 512 2479; x_wconf 92' lang='lat' dir='ltr'>cum</span> <span class='ocrx_word' id='word_1_259' title='bbox 537 2418 708 2480; x_wconf 90' lang='lat' dir='ltr'>arboribus</span> <span class='ocrx_word' id='word_1_260' title='bbox 732 2419 888 2481; x_wconf 91' lang='lat' dir='ltr'>olivarum</span> <span class='ocrx_word' id='word_1_261' title='bbox 913 2431 1041 2482; x_wconf 90' lang='lat' dir='ltr'>etcum</span> <span class='ocrx_word' id='word_1_262' title='bbox 1065 2417 1217 2479; x_wconf 90' lang='lat' dir='ltr'>omnibus</span> <span class='ocrx_word' id='word_1_263' title='bbox 1241 2436 1350 2480; x_wconf 92' lang='lat' dir='ltr'>earum</span> <span class='ocrx_word' id='word_1_264' title='bbox 1374 2419 1586 2500; x_wconf 72' lang='lat' dir='ltr'>pertinentiis</span> <span class='ocrx_word' id='word_1_265' title='bbox 1615 2418 1781 2498; x_wconf 91' lang='lat' dir='ltr'>incipienti</span> <span class='ocrx_word' id='word_1_266' title='bbox 1806 2438 1825 2479; x_wconf 95' lang='lat' dir='ltr'>a</span> 
     </span>
     <span class='ocr_line' id='line_1_25' title="bbox 152 2506 1824 2590; baseline -0.002 -19"><span class='ocrx_word' id='word_1_267' title='bbox 152 2509 273 2571; x_wconf 91' lang='lat' dir='ltr'>vincali</span> <span class='ocrx_word' id='word_1_268' title='bbox 287 2508 390 2570; x_wconf 88' lang='lat' dir='ltr'>sancti</span> <span class='ocrx_word' id='word_1_269' title='bbox 404 2506 531 2569; x_wconf 91' lang='lat' dir='ltr'>Nicolai</span> <span class='ocrx_word' id='word_1_270' title='bbox 548 2508 639 2568; x_wconf 89' lang='lat' dir='ltr'>iuxta</span> <span class='ocrx_word' id='word_1_271' title='bbox 646 2508 809 2583; x_wconf 91' lang='lat' dir='ltr'>Formam,</span> <span class='ocrx_word' id='word_1_272' title='bbox 823 2516 980 2590; x_wconf 87' lang='lat' dir='ltr'>pergente</span> <span class='ocrx_word' id='word_1_273' title='bbox 996 2527 1055 2587; x_wconf 92' lang='lat' dir='ltr'>per</span> <span class='ocrx_word' id='word_1_274' title='bbox 1064 2506 1266 2570; x_wconf 90' lang='lat' dir='ltr'>Decenniam</span> <span class='ocrx_word' id='word_1_275' title='bbox 1283 2528 1385 2588; x_wconf 90' lang='lat' dir='ltr'>usque</span> <span class='ocrx_word' id='word_1_276' title='bbox 1397 2509 1429 2569; x_wconf 93' lang='lat' dir='ltr'>in</span> <span class='ocrx_word' id='word_1_277' title='bbox 1442 2519 1560 2570; x_wconf 88' lang='lat' dir='ltr'>terram</span> <span class='ocrx_word' id='word_1_278' title='bbox 1572 2508 1674 2569; x_wconf 90' lang='lat' dir='ltr'>sancti</span> <span class='ocrx_word' id='word_1_279' title='bbox 1687 2506 1824 2581; x_wconf 90' lang='lat' dir='ltr'>Thome,</span> 
     </span>
     <span class='ocr_line' id='line_1_26' title="bbox 153 2595 1823 2677; baseline -0.002 -17"><span class='ocrx_word' id='word_1_280' title='bbox 153 2598 268 2660; x_wconf 91' lang='lat' dir='ltr'>turrim</span> <span class='ocrx_word' id='word_1_281' title='bbox 285 2608 427 2659; x_wconf 89' lang='lat' dir='ltr'>vestram</span> <span class='ocrx_word' id='word_1_282' title='bbox 443 2615 516 2658; x_wconf 93' lang='lat' dir='ltr'>cum</span> <span class='ocrx_word' id='word_1_283' title='bbox 533 2596 634 2658; x_wconf 87' lang='lat' dir='ltr'>fundo</span> <span class='ocrx_word' id='word_1_284' title='bbox 655 2607 777 2658; x_wconf 90' lang='lat' dir='ltr'>etcum</span> <span class='ocrx_word' id='word_1_285' title='bbox 792 2598 894 2659; x_wconf 91' lang='lat' dir='ltr'>vineis</span> <span class='ocrx_word' id='word_1_286' title='bbox 911 2599 942 2659; x_wconf 92' lang='lat' dir='ltr'>in</span> <span class='ocrx_word' id='word_1_287' title='bbox 959 2598 1033 2660; x_wconf 93' lang='lat' dir='ltr'>loco</span> <span class='ocrx_word' id='word_1_288' title='bbox 1051 2597 1105 2677; x_wconf 92' lang='lat' dir='ltr'>qui</span> <span class='ocrx_word' id='word_1_289' title='bbox 1122 2596 1239 2657; x_wconf 92' lang='lat' dir='ltr'>dicitur</span> <span class='ocrx_word' id='word_1_290' title='bbox 1254 2597 1295 2658; x_wconf 91' lang='lat' dir='ltr'>ad</span> <span class='ocrx_word' id='word_1_291' title='bbox 1313 2609 1462 2676; x_wconf 91' lang='lat' dir='ltr'>quartum</span> <span class='ocrx_word' id='word_1_292' title='bbox 1479 2596 1615 2658; x_wconf 87' lang='lat' dir='ltr'>fundum</span> <span class='ocrx_word' id='word_1_293' title='bbox 1630 2595 1823 2669; x_wconf 90' lang='lat' dir='ltr'>Tabernule,</span> 
     </span>
     <span class='ocr_line' id='line_1_27' title="bbox 154 2684 1825 2772; baseline -0.003 -22"><span class='ocrx_word' id='word_1_294' title='bbox 154 2687 294 2750; x_wconf 82' lang='lat' dir='ltr'>fundum</span> <span class='ocrx_word' id='word_1_295' title='bbox 304 2684 420 2766; x_wconf 90' lang='lat' dir='ltr'>Campi</span> <span class='ocrx_word' id='word_1_296' title='bbox 437 2685 562 2759; x_wconf 92' lang='lat' dir='ltr'>natalis,</span> <span class='ocrx_word' id='word_1_297' title='bbox 588 2684 722 2746; x_wconf 84' lang='lat' dir='ltr'>fundum</span> <span class='ocrx_word' id='word_1_298' title='bbox 739 2698 851 2749; x_wconf 89' lang='lat' dir='ltr'>sancte</span> <span class='ocrx_word' id='word_1_299' title='bbox 866 2686 967 2749; x_wconf 94' lang='lat' dir='ltr'>Lucie</span> <span class='ocrx_word' id='word_1_300' title='bbox 983 2688 1015 2748; x_wconf 94' lang='lat' dir='ltr'>in</span> <span class='ocrx_word' id='word_1_301' title='bbox 1031 2687 1158 2760; x_wconf 90' lang='lat' dir='ltr'>Renati,</span> <span class='ocrx_word' id='word_1_302' title='bbox 1184 2685 1317 2747; x_wconf 79' lang='lat' dir='ltr'>fundum</span> <span class='ocrx_word' id='word_1_303' title='bbox 1335 2687 1494 2761; x_wconf 88' lang='lat' dir='ltr'>Favaroli,</span> <span class='ocrx_word' id='word_1_304' title='bbox 1519 2686 1653 2747; x_wconf 88' lang='lat' dir='ltr'>sundum</span> <span class='ocrx_word' id='word_1_305' title='bbox 1670 2684 1825 2772; x_wconf 75' lang='lat' dir='ltr'>Amarale</span> 
     </span>
     <span class='ocr_line' id='line_1_28' title="bbox 153 2772 1824 2858; baseline -0.003 -19"><span class='ocrx_word' id='word_1_306' title='bbox 153 2797 231 2839; x_wconf 88' lang='lat' dir='ltr'>cum</span> <span class='ocrx_word' id='word_1_307' title='bbox 242 2785 350 2858; x_wconf 88' lang='lat' dir='ltr'>prato,</span> <span class='ocrx_word' id='word_1_308' title='bbox 364 2774 470 2836; x_wconf 87' lang='lat' dir='ltr'>casale</span> <span class='ocrx_word' id='word_1_309' title='bbox 483 2773 571 2854; x_wconf 92' lang='lat' dir='ltr'>apud</span> <span class='ocrx_word' id='word_1_310' title='bbox 587 2785 734 2836; x_wconf 85' lang='lat' dir='ltr'>sanctam</span> <span class='ocrx_word' id='word_1_311' title='bbox 742 2776 887 2857; x_wconf 89' lang='lat' dir='ltr'>Dignam</span> <span class='ocrx_word' id='word_1_312' title='bbox 900 2784 932 2838; x_wconf 88' lang='lat' dir='ltr'>et</span> <span class='ocrx_word' id='word_1_313' title='bbox 943 2775 1102 2849; x_wconf 90' lang='lat' dir='ltr'>Meritam,</span> <span class='ocrx_word' id='word_1_314' title='bbox 1121 2776 1233 2836; x_wconf 91' lang='lat' dir='ltr'>vineas</span> <span class='ocrx_word' id='word_1_315' title='bbox 1246 2794 1326 2855; x_wconf 90' lang='lat' dir='ltr'>quas</span> <span class='ocrx_word' id='word_1_316' title='bbox 1334 2772 1462 2837; x_wconf 89' lang='lat' dir='ltr'>habetis</span> <span class='ocrx_word' id='word_1_317' title='bbox 1474 2777 1506 2836; x_wconf 95' lang='lat' dir='ltr'>in</span> <span class='ocrx_word' id='word_1_318' title='bbox 1520 2785 1666 2836; x_wconf 91' lang='lat' dir='ltr'>montem</span> <span class='ocrx_word' id='word_1_319' title='bbox 1675 2774 1824 2849; x_wconf 91' lang='lat' dir='ltr'>Honorii,</span> 
     </span>
     <span class='ocr_line' id='line_1_29' title="bbox 153 2861 1825 2946; baseline -0.002 -18"><span class='ocrx_word' id='word_1_320' title='bbox 153 2868 269 2928; x_wconf 88' lang='lat' dir='ltr'>vineas</span> <span class='ocrx_word' id='word_1_321' title='bbox 285 2865 318 2926; x_wconf 95' lang='lat' dir='ltr'>in</span> <span class='ocrx_word' id='word_1_322' title='bbox 335 2861 431 2926; x_wconf 89' lang='lat' dir='ltr'>Circo</span> <span class='ocrx_word' id='word_1_323' title='bbox 454 2864 564 2933; x_wconf 87' lang='lat' dir='ltr'>veteri,</span> <span class='ocrx_word' id='word_1_324' title='bbox 588 2863 697 2924; x_wconf 90' lang='lat' dir='ltr'>vineas</span> <span class='ocrx_word' id='word_1_325' title='bbox 721 2865 754 2925; x_wconf 92' lang='lat' dir='ltr'>in</span> <span class='ocrx_word' id='word_1_326' title='bbox 779 2865 862 2926; x_wconf 92' lang='lat' dir='ltr'>valle</span> <span class='ocrx_word' id='word_1_327' title='bbox 877 2865 938 2927; x_wconf 90' lang='lat' dir='ltr'>sub</span> <span class='ocrx_word' id='word_1_328' title='bbox 961 2864 1110 2946; x_wconf 91' lang='lat' dir='ltr'>granario</span> <span class='ocrx_word' id='word_1_329' title='bbox 1126 2873 1244 2925; x_wconf 77' lang='lat' dir='ltr'>vestro,</span> <span class='ocrx_word' id='word_1_330' title='bbox 1275 2863 1425 2926; x_wconf 88' lang='lat' dir='ltr'>Preterea</span> <span class='ocrx_word' id='word_1_331' title='bbox 1448 2884 1508 2926; x_wconf 92' lang='lat' dir='ltr'>nos</span> <span class='ocrx_word' id='word_1_332' title='bbox 1529 2864 1699 2926; x_wconf 88' lang='lat' dir='ltr'>ecclesiam</span> <span class='ocrx_word' id='word_1_333' title='bbox 1722 2863 1825 2925; x_wconf 91' lang='lat' dir='ltr'>sancti</span> 
     </span>
     <span class='ocr_line' id='line_1_30' title="bbox 155 2952 1824 3036; baseline -0.004 -17"><span class='ocrx_word' id='word_1_334' title='bbox 155 2953 308 3036; x_wconf 87' lang='lat' dir='ltr'>Gregorii</span> <span class='ocrx_word' id='word_1_335' title='bbox 333 2953 365 3014; x_wconf 94' lang='lat' dir='ltr'>in</span> <span class='ocrx_word' id='word_1_336' title='bbox 383 2952 506 3014; x_wconf 90' lang='lat' dir='ltr'>Marcio</span> <span class='ocrx_word' id='word_1_337' title='bbox 523 2971 597 3013; x_wconf 90' lang='lat' dir='ltr'>cum</span> <span class='ocrx_word' id='word_1_338' title='bbox 613 2952 746 3032; x_wconf 87' lang='lat' dir='ltr'>palati0‚</span> <span class='ocrx_word' id='word_1_339' title='bbox 763 2953 796 3014; x_wconf 90' lang='lat' dir='ltr'>in</span> <span class='ocrx_word' id='word_1_340' title='bbox 813 2974 879 3035; x_wconf 90' lang='lat' dir='ltr'>quo</span> <span class='ocrx_word' id='word_1_341' title='bbox 897 2955 968 3036; x_wconf 91' lang='lat' dir='ltr'>ipsa</span> <span class='ocrx_word' id='word_1_342' title='bbox 983 2952 1120 3016; x_wconf 89' lang='lat' dir='ltr'>ecclesia</span> <span class='ocrx_word' id='word_1_343' title='bbox 1136 2953 1198 3014; x_wconf 90' lang='lat' dir='ltr'>sita</span> <span class='ocrx_word' id='word_1_344' title='bbox 1218 2963 1274 3025; x_wconf 92' lang='lat' dir='ltr'>est,</span> <span class='ocrx_word' id='word_1_345' title='bbox 1292 2973 1364 3014; x_wconf 90' lang='lat' dir='ltr'>cum</span> <span class='ocrx_word' id='word_1_346' title='bbox 1383 2953 1543 3027; x_wconf 91' lang='lat' dir='ltr'>domibus,</span> <span class='ocrx_word' id='word_1_347' title='bbox 1561 2952 1719 3026; x_wconf 88' lang='lat' dir='ltr'>casalinis,</span> <span class='ocrx_word' id='word_1_348' title='bbox 1737 2952 1824 3026; x_wconf 91' lang='lat' dir='ltr'>ortis,</span> 
     </span>
     <span class='ocr_line' id='line_1_31' title="bbox 155 3040 1825 3124; baseline -0.003 -18"><span class='ocrx_word' id='word_1_349' title='bbox 155 3042 359 3124; x_wconf 89' lang='lat' dir='ltr'>cannapinis,</span> <span class='ocrx_word' id='word_1_350' title='bbox 378 3041 509 3122; x_wconf 92' lang='lat' dir='ltr'>cryptis,</span> <span class='ocrx_word' id='word_1_351' title='bbox 529 3041 696 3121; x_wconf 86' lang='lat' dir='ltr'>parietinis</span> <span class='ocrx_word' id='word_1_352' title='bbox 712 3053 745 3103; x_wconf 91' lang='lat' dir='ltr'>et</span> <span class='ocrx_word' id='word_1_353' title='bbox 761 3043 914 3105; x_wconf 89' lang='lat' dir='ltr'>omnibus</span> <span class='ocrx_word' id='word_1_354' title='bbox 930 3042 1133 3123; x_wconf 89' lang='lat' dir='ltr'>pertinentiis</span> <span class='ocrx_word' id='word_1_355' title='bbox 1149 3042 1222 3115; x_wconf 91' lang='lat' dir='ltr'>suis,</span> <span class='ocrx_word' id='word_1_356' title='bbox 1238 3061 1297 3102; x_wconf 89' lang='lat' dir='ltr'>nec</span> <span class='ocrx_word' id='word_1_357' title='bbox 1307 3062 1372 3103; x_wconf 93' lang='lat' dir='ltr'>non</span> <span class='ocrx_word' id='word_1_358' title='bbox 1386 3054 1419 3105; x_wconf 91' lang='lat' dir='ltr'>et</span> <span class='ocrx_word' id='word_1_359' title='bbox 1432 3042 1656 3105; x_wconf 91' lang='lat' dir='ltr'>molendinum</span> <span class='ocrx_word' id='word_1_360' title='bbox 1668 3042 1700 3103; x_wconf 95' lang='lat' dir='ltr'>in</span> <span class='ocrx_word' id='word_1_361' title='bbox 1709 3040 1825 3121; x_wconf 88' lang='lat' dir='ltr'>Capite</span> 
     </span>
     <span class='ocr_line' id='line_1_32' title="bbox 155 3129 1825 3211; baseline -0.003 -16"><span class='ocrx_word' id='word_1_362' title='bbox 155 3132 218 3195; x_wconf 88' lang='lat' dir='ltr'>laci</span> <span class='ocrx_word' id='word_1_363' title='bbox 235 3139 330 3194; x_wconf 88' lang='lat' dir='ltr'>extra</span> <span class='ocrx_word' id='word_1_364' title='bbox 346 3139 476 3211; x_wconf 92' lang='lat' dir='ltr'>portam</span> <span class='ocrx_word' id='word_1_365' title='bbox 492 3130 595 3191; x_wconf 90' lang='lat' dir='ltr'>sancti</span> <span class='ocrx_word' id='word_1_366' title='bbox 619 3129 774 3192; x_wconf 93' lang='lat' dir='ltr'>Iohannis</span> <span class='ocrx_word' id='word_1_367' title='bbox 797 3152 840 3194; x_wconf 84' lang='lat' dir='ltr'>ex</span> <span class='ocrx_word' id='word_1_368' title='bbox 863 3132 1056 3194; x_wconf 92' lang='lat' dir='ltr'>liberalitate</span> <span class='ocrx_word' id='word_1_369' title='bbox 1071 3131 1158 3192; x_wconf 90' lang='lat' dir='ltr'>sedis</span> <span class='ocrx_word' id='word_1_370' title='bbox 1175 3130 1356 3210; x_wconf 90' lang='lat' dir='ltr'>apostolice</span> <span class='ocrx_word' id='word_1_371' title='bbox 1378 3131 1474 3193; x_wconf 92' lang='lat' dir='ltr'>vobis</span> <span class='ocrx_word' id='word_1_372' title='bbox 1498 3131 1678 3211; x_wconf 91' lang='lat' dir='ltr'>vestrisque</span> <span class='ocrx_word' id='word_1_373' title='bbox 1700 3148 1825 3191; x_wconf 91' lang='lat' dir='ltr'>succes·</span> 
     </span>
     <span class='ocr_line' id='line_1_33' title="bbox 155 3218 1827 3301; baseline -0.003 -17"><span class='ocrx_word' id='word_1_374' title='bbox 155 3222 284 3284; x_wconf 89' lang='lat' dir='ltr'>soribus</span> <span class='ocrx_word' id='word_1_375' title='bbox 295 3221 329 3282; x_wconf 90' lang='lat' dir='ltr'>in</span> <span class='ocrx_word' id='word_1_376' title='bbox 339 3229 535 3300; x_wconf 89' lang='lat' dir='ltr'>perpetuum</span> <span class='ocrx_word' id='word_1_377' title='bbox 547 3218 757 3282; x_wconf 91' lang='lat' dir='ltr'>concedimus</span> <span class='ocrx_word' id='word_1_378' title='bbox 765 3231 797 3281; x_wconf 92' lang='lat' dir='ltr'>et</span> <span class='ocrx_word' id='word_1_379' title='bbox 809 3221 968 3301; x_wconf 89' lang='lat' dir='ltr'>presentis</span> <span class='ocrx_word' id='word_1_380' title='bbox 981 3219 1090 3299; x_wconf 89' lang='lat' dir='ltr'>scripti</span> <span class='ocrx_word' id='word_1_381' title='bbox 1105 3220 1282 3281; x_wconf 92' lang='lat' dir='ltr'>munimine</span> <span class='ocrx_word' id='word_1_382' title='bbox 1294 3219 1495 3295; x_wconf 89' lang='lat' dir='ltr'>roboramus,</span> <span class='ocrx_word' id='word_1_383' title='bbox 1509 3221 1585 3282; x_wconf 90' lang='lat' dir='ltr'>utin</span> <span class='ocrx_word' id='word_1_384' title='bbox 1596 3220 1663 3280; x_wconf 90' lang='lat' dir='ltr'>vita</span> <span class='ocrx_word' id='word_1_385' title='bbox 1672 3228 1783 3280; x_wconf 91' lang='lat' dir='ltr'>nostra</span> <span class='ocrx_word' id='word_1_386' title='bbox 1794 3228 1827 3280; x_wconf 94' lang='lat' dir='ltr'>et</span> 
     </span>
     <span class='ocr_line' id='line_1_34' title="bbox 154 3307 1825 3393; baseline -0.003 -20"><span class='ocrx_word' id='word_1_387' title='bbox 154 3321 233 3393; x_wconf 92' lang='lat' dir='ltr'>post</span> <span class='ocrx_word' id='word_1_388' title='bbox 255 3309 387 3372; x_wconf 89' lang='lat' dir='ltr'>obitum</span> <span class='ocrx_word' id='word_1_389' title='bbox 402 3316 547 3370; x_wconf 91' lang='lat' dir='ltr'>nostrum</span> <span class='ocrx_word' id='word_1_390' title='bbox 562 3308 714 3388; x_wconf 91' lang='lat' dir='ltr'>specialis</span> <span class='ocrx_word' id='word_1_391' title='bbox 731 3310 836 3371; x_wconf 92' lang='lat' dir='ltr'>oratio</span> <span class='ocrx_word' id='word_1_392' title='bbox 853 3310 969 3392; x_wconf 90' lang='lat' dir='ltr'>iugiter</span> <span class='ocrx_word' id='word_1_393' title='bbox 984 3330 1004 3372; x_wconf 89' lang='lat' dir='ltr'>a</span> <span class='ocrx_word' id='word_1_394' title='bbox 1018 3308 1113 3370; x_wconf 89' lang='lat' dir='ltr'>vobis</span> <span class='ocrx_word' id='word_1_395' title='bbox 1129 3307 1186 3370; x_wconf 89' lang='lat' dir='ltr'>fiat</span> <span class='ocrx_word' id='word_1_396' title='bbox 1202 3309 1243 3370; x_wconf 91' lang='lat' dir='ltr'>ad</span> <span class='ocrx_word' id='word_1_397' title='bbox 1260 3309 1357 3370; x_wconf 90' lang='lat' dir='ltr'>deum</span> <span class='ocrx_word' id='word_1_398' title='bbox 1374 3330 1434 3390; x_wconf 90' lang='lat' dir='ltr'>pro</span> <span class='ocrx_word' id='word_1_399' title='bbox 1451 3310 1557 3372; x_wconf 92' lang='lat' dir='ltr'>nobis.</span> <span class='ocrx_word' id='word_1_400' title='bbox 1596 3308 1730 3370; x_wconf 90' lang='lat' dir='ltr'>Terram</span> <span class='ocrx_word' id='word_1_401' title='bbox 1747 3327 1825 3387; x_wconf 90' lang='lat' dir='ltr'>quo·</span> 
     </span>
     <span class='ocr_line' id='line_1_35' title="bbox 154 3396 1825 3481; baseline -0.003 -19"><span class='ocrx_word' id='word_1_402' title='bbox 154 3419 220 3481; x_wconf 90' lang='lat' dir='ltr'>que</span> <span class='ocrx_word' id='word_1_403' title='bbox 239 3408 398 3471; x_wconf 91' lang='lat' dir='ltr'>nostram,</span> <span class='ocrx_word' id='word_1_404' title='bbox 419 3397 510 3459; x_wconf 87' lang='lat' dir='ltr'>iuxta</span> <span class='ocrx_word' id='word_1_405' title='bbox 532 3396 694 3476; x_wconf 86' lang='lat' dir='ltr'>prefatum</span> <span class='ocrx_word' id='word_1_406' title='bbox 719 3397 944 3461; x_wconf 92' lang='lat' dir='ltr'>molendinum</span> <span class='ocrx_word' id='word_1_407' title='bbox 967 3399 1072 3472; x_wconf 93' lang='lat' dir='ltr'>sitam,</span> <span class='ocrx_word' id='word_1_408' title='bbox 1100 3397 1196 3459; x_wconf 88' lang='lat' dir='ltr'>vobis</span> <span class='ocrx_word' id='word_1_409' title='bbox 1220 3418 1261 3459; x_wconf 88' lang='lat' dir='ltr'>ex</span> <span class='ocrx_word' id='word_1_410' title='bbox 1284 3397 1487 3479; x_wconf 87' lang='lat' dir='ltr'>benignitate</span> <span class='ocrx_word' id='word_1_411' title='bbox 1511 3397 1716 3461; x_wconf 90' lang='lat' dir='ltr'>restituimus.</span> <span class='ocrx_word' id='word_1_412' title='bbox 1761 3397 1825 3458; x_wconf 94' lang='lat' dir='ltr'>De·</span> 
     </span>
     <span class='ocr_line' id='line_1_36' title="bbox 153 3485 1826 3567; baseline -0.003 -16"><span class='ocrx_word' id='word_1_413' title='bbox 153 3489 318 3551; x_wconf 89' lang='lat' dir='ltr'>cernimus</span> <span class='ocrx_word' id='word_1_414' title='bbox 341 3504 430 3567; x_wconf 92' lang='lat' dir='ltr'>erg0,</span> <span class='ocrx_word' id='word_1_415' title='bbox 454 3495 489 3548; x_wconf 94' lang='lat' dir='ltr'>ut</span> <span class='ocrx_word' id='word_1_416' title='bbox 513 3485 590 3546; x_wconf 89' lang='lat' dir='ltr'>nulli</span> <span class='ocrx_word' id='word_1_417' title='bbox 615 3486 748 3548; x_wconf 90' lang='lat' dir='ltr'>omnino</span> <span class='ocrx_word' id='word_1_418' title='bbox 779 3487 948 3550; x_wconf 92' lang='lat' dir='ltr'>hominum</span> <span class='ocrx_word' id='word_1_419' title='bbox 977 3489 1081 3561; x_wconf 91' lang='lat' dir='ltr'>liceat,</span> <span class='ocrx_word' id='word_1_420' title='bbox 1105 3486 1267 3567; x_wconf 87' lang='lat' dir='ltr'>prefatam</span> <span class='ocrx_word' id='word_1_421' title='bbox 1291 3487 1461 3549; x_wconf 88' lang='lat' dir='ltr'>ecclesiam</span> <span class='ocrx_word' id='word_1_422' title='bbox 1487 3537 1493 3550; x_wconf 89' lang='lat'><strong>.</strong></span> <span class='ocrx_word' id='word_1_423' title='bbox 1519 3536 1525 3550; x_wconf 91' lang='lat'><strong>.</strong></span> <span class='ocrx_word' id='word_1_424' title='bbox 1550 3535 1557 3549; x_wconf 91' lang='lat'><strong>.</strong></span> <span class='ocrx_word' id='word_1_425' title='bbox 1583 3486 1694 3547; x_wconf 90' lang='lat' dir='ltr'>usibus</span> <span class='ocrx_word' id='word_1_426' title='bbox 1724 3485 1826 3546; x_wconf 94' lang='lat' dir='ltr'>omni-</span> 
     </span>
     <span class='ocr_line' id='line_1_37' title="bbox 153 3573 1826 3659; baseline -0.003 -18"><span class='ocrx_word' id='word_1_427' title='bbox 153 3577 262 3641; x_wconf 90' lang='lat' dir='ltr'>modis</span> <span class='ocrx_word' id='word_1_428' title='bbox 277 3575 459 3659; x_wconf 86' lang='lat' dir='ltr'>profutura.</span> <span class='ocrx_word' id='word_1_429' title='bbox 505 3573 540 3636; x_wconf 92' lang='lat' dir='ltr'>Si</span> <span class='ocrx_word' id='word_1_430' title='bbox 565 3594 630 3654; x_wconf 90' lang='lat' dir='ltr'>qua</span> <span class='ocrx_word' id='word_1_431' title='bbox 653 3575 776 3655; x_wconf 91' lang='lat' dir='ltr'>igitur.</span> <span class='ocrx_word' id='word_1_432' title='bbox 799 3624 804 3638; x_wconf 93' lang='lat'>.</span> <span class='ocrx_word' id='word_1_433' title='bbox 826 3625 832 3638; x_wconf 88' lang='lat'>.</span> <span class='ocrx_word' id='word_1_434' title='bbox 858 3576 990 3639; x_wconf 88' lang='lat' dir='ltr'>Cunctis</span> <span class='ocrx_word' id='word_1_435' title='bbox 1007 3585 1116 3639; x_wconf 91' lang='lat' dir='ltr'>autem</span> <span class='ocrx_word' id='word_1_436' title='bbox 1134 3622 1140 3635; x_wconf 95' lang='lat'>.</span> <span class='ocrx_word' id='word_1_437' title='bbox 1158 3625 1164 3637; x_wconf 91' lang='lat'><strong>.</strong></span> <span class='ocrx_word' id='word_1_438' title='bbox 1182 3625 1188 3636; x_wconf 92' lang='lat'><strong>.</strong></span> <span class='ocrx_word' id='word_1_439' title='bbox 1206 3576 1380 3637; x_wconf 92' lang='lat' dir='ltr'>inveniant.</span> <span class='ocrx_word' id='word_1_440' title='bbox 1420 3574 1539 3639; x_wconf 88' lang='lat' dir='ltr'>Arnen.</span> <span class='ocrx_word' id='word_1_441' title='bbox 1562 3575 1682 3639; x_wconf 90' lang='lat' dir='ltr'>Amen.</span> <span class='ocrx_word' id='word_1_442' title='bbox 1706 3573 1826 3636; x_wconf 91' lang='lat' dir='ltr'>Amen.</span> 
     </span>
    </p>

    <p class='ocr_par' dir='ltr' id='par_1_3' title="bbox 372 3659 1431 3749">
     <span class='ocr_line' id='line_1_38' title="bbox 372 3659 1431 3749; baseline 0.004 -26"><span class='ocrx_word' id='word_1_443' title='bbox 372 3659 426 3746; x_wconf 83' lang='lat' dir='ltr'>(R)</span> <span class='ocrx_word' id='word_1_444' title='bbox 449 3663 522 3744; x_wconf 90' lang='lat' dir='ltr'>Ego</span> <span class='ocrx_word' id='word_1_445' title='bbox 545 3662 740 3726; x_wconf 85' lang='lat' dir='ltr'>Anastasius</span> <span class='ocrx_word' id='word_1_446' title='bbox 764 3665 925 3728; x_wconf 89' lang='lat' dir='ltr'>catholice</span> <span class='ocrx_word' id='word_1_447' title='bbox 949 3664 1084 3729; x_wconf 90' lang='lat' dir='ltr'>ecclesie</span> <span class='ocrx_word' id='word_1_448' title='bbox 1108 3665 1282 3746; x_wconf 90' lang='lat' dir='ltr'>episcopus</span> <span class='ocrx_word' id='word_1_449' title='bbox 1305 3686 1346 3727; x_wconf 84' lang='lat' dir='ltr'>ss</span> <span class='ocrx_word' id='word_1_450' title='bbox 1370 3661 1431 3749; x_wconf 89' lang='lat' dir='ltr'>(M)</span> 
     </span>
    </p>

    <p class='ocr_par' dir='ltr' id='par_1_4' title="bbox 371 3751 1138 3836">
     <span class='ocr_line' id='line_1_39' title="bbox 371 3751 1138 3836; baseline -0.001 -22"><span class='ocrx_word' id='word_1_451' title='bbox 371 3752 392 3829; x_wconf 90' lang='lat'><strong>†</strong></span> <span class='ocrx_word' id='word_1_452' title='bbox 414 3752 487 3832; x_wconf 93' lang='lat' dir='ltr'>Ego</span> <span class='ocrx_word' id='word_1_453' title='bbox 510 3751 650 3814; x_wconf 89' lang='lat' dir='ltr'>Ymarus</span> <span class='ocrx_word' id='word_1_454' title='bbox 673 3752 875 3816; x_wconf 90' lang='lat' dir='ltr'>Tusculanus</span> <span class='ocrx_word' id='word_1_455' title='bbox 899 3756 1074 3836; x_wconf 90' lang='lat' dir='ltr'>episcopus</span> <span class='ocrx_word' id='word_1_456' title='bbox 1097 3774 1138 3815; x_wconf 93' lang='lat' dir='ltr'>ss.</span> 
     </span>
    </p>

    <p class='ocr_par' dir='ltr' id='par_1_5' title="bbox 371 3840 1369 3923">
     <span class='ocr_line' id='line_1_40' title="bbox 371 3840 1369 3923; baseline 0.002 -21"><span class='ocrx_word' id='word_1_457' title='bbox 371 3841 392 3919; x_wconf 83' lang='lat'>†</span> <span class='ocrx_word' id='word_1_458' title='bbox 414 3840 488 3922; x_wconf 88' lang='lat' dir='ltr'>Ego</span> <span class='ocrx_word' id='word_1_459' title='bbox 512 3840 672 3904; x_wconf 90' lang='lat' dir='ltr'>Guarinus</span> <span class='ocrx_word' id='word_1_460' title='bbox 694 3842 949 3906; x_wconf 90' lang='lat' dir='ltr'>Prenestinensis</span> <span class='ocrx_word' id='word_1_461' title='bbox 972 3843 1107 3907; x_wconf 91' lang='lat' dir='ltr'>ecclesie</span> <span class='ocrx_word' id='word_1_462' title='bbox 1131 3842 1306 3923; x_wconf 90' lang='lat' dir='ltr'>episcopus</span> <span class='ocrx_word' id='word_1_463' title='bbox 1328 3863 1369 3905; x_wconf 90' lang='lat' dir='ltr'>ss.</span> 
     </span>
    </p>

    <p class='ocr_par' dir='ltr' id='par_1_6' title="bbox 372 3926 1059 4014">
     <span class='ocr_line' id='line_1_41' title="bbox 372 3926 1059 4014; baseline 0.009 -24"><span class='ocrx_word' id='word_1_464' title='bbox 372 3926 392 4010; x_wconf 89' lang='lat'>†</span> <span class='ocrx_word' id='word_1_465' title='bbox 415 3930 488 4010; x_wconf 91' lang='lat' dir='ltr'>Ego</span> <span class='ocrx_word' id='word_1_466' title='bbox 512 3929 612 4010; x_wconf 91' lang='lat' dir='ltr'>Hugo</span> <span class='ocrx_word' id='word_1_467' title='bbox 637 3932 797 3994; x_wconf 88' lang='lat' dir='ltr'>Ostiensis</span> <span class='ocrx_word' id='word_1_468' title='bbox 820 3933 996 4014; x_wconf 90' lang='lat' dir='ltr'>episcopus</span> <span class='ocrx_word' id='word_1_469' title='bbox 1019 3955 1059 3996; x_wconf 90' lang='lat' dir='ltr'>ss.</span> 
     </span>
    </p>

    <p class='ocr_par' dir='ltr' id='par_1_7' title="bbox 371 4017 1346 4100">
     <span class='ocr_line' id='line_1_42' title="bbox 371 4017 1346 4100; baseline 0.002 -19"><span class='ocrx_word' id='word_1_470' title='bbox 371 4018 392 4094; x_wconf 71' lang='lat' dir='ltr'>&#39;r</span> <span class='ocrx_word' id='word_1_471' title='bbox 414 4018 487 4099; x_wconf 92' lang='lat' dir='ltr'>Ego</span> <span class='ocrx_word' id='word_1_472' title='bbox 511 4017 687 4099; x_wconf 89' lang='lat' dir='ltr'>Gregorius</span> <span class='ocrx_word' id='word_1_473' title='bbox 711 4020 872 4100; x_wconf 91' lang='lat' dir='ltr'>presbiter</span> <span class='ocrx_word' id='word_1_474' title='bbox 894 4022 1067 4084; x_wconf 91' lang='lat' dir='ltr'>cardinalis</span> <span class='ocrx_word' id='word_1_475' title='bbox 1090 4021 1138 4082; x_wconf 92' lang='lat' dir='ltr'>tit.</span> <span class='ocrx_word' id='word_1_476' title='bbox 1163 4019 1281 4082; x_wconf 88' lang='lat' dir='ltr'>Calixti</span> <span class='ocrx_word' id='word_1_477' title='bbox 1305 4040 1346 4083; x_wconf 78' lang='lat' dir='ltr'>ss,</span> 
     </span>
    </p>

    <p class='ocr_par' dir='ltr' id='par_1_8' title="bbox 370 4106 1460 4189">
     <span class='ocr_line' id='line_1_43' title="bbox 370 4106 1460 4189; baseline 0 -20"><span class='ocrx_word' id='word_1_478' title='bbox 370 4106 391 4186; x_wconf 89' lang='lat'><strong>†</strong></span> <span class='ocrx_word' id='word_1_479' title='bbox 414 4107 487 4188; x_wconf 91' lang='lat' dir='ltr'>Ego</span> <span class='ocrx_word' id='word_1_480' title='bbox 510 4107 620 4171; x_wconf 93' lang='lat' dir='ltr'>Guido</span> <span class='ocrx_word' id='word_1_481' title='bbox 644 4109 805 4189; x_wconf 91' lang='lat' dir='ltr'>presbiter</span> <span class='ocrx_word' id='word_1_482' title='bbox 827 4111 999 4174; x_wconf 91' lang='lat' dir='ltr'>cardinalis</span> <span class='ocrx_word' id='word_1_483' title='bbox 1023 4112 1069 4173; x_wconf 90' lang='lat' dir='ltr'>tit.</span> <span class='ocrx_word' id='word_1_484' title='bbox 1093 4111 1196 4172; x_wconf 89' lang='lat' dir='ltr'>sancti</span> <span class='ocrx_word' id='word_1_485' title='bbox 1221 4108 1396 4189; x_wconf 91' lang='lat' dir='ltr'>Grisogoni</span> <span class='ocrx_word' id='word_1_486' title='bbox 1421 4128 1460 4170; x_wconf 90' lang='lat' dir='ltr'>ss.</span> 
     </span>
    </p>

    <p class='ocr_par' dir='ltr' id='par_1_9' title="bbox 371 4196 1504 4278">
     <span class='ocr_line' id='line_1_44' title="bbox 371 4196 1504 4278; baseline 0.001 -21"><span class='ocrx_word' id='word_1_487' title='bbox 371 4196 392 4273; x_wconf 90' lang='lat'><strong>†</strong></span> <span class='ocrx_word' id='word_1_488' title='bbox 415 4196 488 4276; x_wconf 90' lang='lat' dir='ltr'>Ego</span> <span class='ocrx_word' id='word_1_489' title='bbox 512 4196 686 4259; x_wconf 92' lang='lat' dir='ltr'>Hubaldus</span> <span class='ocrx_word' id='word_1_490' title='bbox 709 4199 870 4278; x_wconf 89' lang='lat' dir='ltr'>presbiter</span> <span class='ocrx_word' id='word_1_491' title='bbox 893 4200 1065 4262; x_wconf 91' lang='lat' dir='ltr'>cardinalis</span> <span class='ocrx_word' id='word_1_492' title='bbox 1088 4200 1135 4261; x_wconf 87' lang='lat' dir='ltr'>tit.</span> <span class='ocrx_word' id='word_1_493' title='bbox 1158 4198 1261 4261; x_wconf 90' lang='lat' dir='ltr'>sancti</span> <span class='ocrx_word' id='word_1_494' title='bbox 1285 4198 1440 4259; x_wconf 89' lang='lat' dir='ltr'>Praxedis</span> <span class='ocrx_word' id='word_1_495' title='bbox 1464 4217 1504 4258; x_wconf 86' lang='lat' dir='ltr'>ss</span> 
     </span>
    </p>

    <p class='ocr_par' dir='ltr' id='par_1_10' title="bbox 371 4282 1531 4367">
     <span class='ocr_line' id='line_1_45' title="bbox 371 4282 1531 4367; baseline 0.001 -21"><span class='ocrx_word' id='word_1_496' title='bbox 371 4285 392 4362; x_wconf 90' lang='lat'><strong>†</strong></span> <span class='ocrx_word' id='word_1_497' title='bbox 416 4286 488 4366; x_wconf 88' lang='lat' dir='ltr'>Ego</span> <span class='ocrx_word' id='word_1_498' title='bbox 511 4282 685 4348; x_wconf 91' lang='lat' dir='ltr'>Aribertus</span> <span class='ocrx_word' id='word_1_499' title='bbox 708 4286 869 4367; x_wconf 90' lang='lat' dir='ltr'>presbiter</span> <span class='ocrx_word' id='word_1_500' title='bbox 891 4289 1063 4351; x_wconf 92' lang='lat' dir='ltr'>cardinalis</span> <span class='ocrx_word' id='word_1_501' title='bbox 1087 4289 1134 4350; x_wconf 91' lang='lat' dir='ltr'>tit.</span> <span class='ocrx_word' id='word_1_502' title='bbox 1158 4297 1270 4350; x_wconf 90' lang='lat' dir='ltr'>sancte</span> <span class='ocrx_word' id='word_1_503' title='bbox 1293 4285 1468 4348; x_wconf 89' lang='lat' dir='ltr'>Anastasie</span> <span class='ocrx_word' id='word_1_504' title='bbox 1491 4307 1531 4348; x_wconf 93' lang='lat' dir='ltr'>ss.</span> 
     </span>
    </p>

    <p class='ocr_par' dir='ltr' id='par_1_11' title="bbox 371 4373 1419 4455">
     <span class='ocr_line' id='line_1_46' title="bbox 371 4373 1419 4455; baseline 0.002 -21"><span class='ocrx_word' id='word_1_505' title='bbox 371 4373 392 4450; x_wconf 89' lang='lat'><strong>†</strong></span> <span class='ocrx_word' id='word_1_506' title='bbox 415 4374 488 4454; x_wconf 88' lang='lat' dir='ltr'>Ego</span> <span class='ocrx_word' id='word_1_507' title='bbox 512 4373 609 4436; x_wconf 92' lang='lat' dir='ltr'>lulius</span> <span class='ocrx_word' id='word_1_508' title='bbox 632 4376 793 4455; x_wconf 86' lang='lat' dir='ltr'>presbiter</span> <span class='ocrx_word' id='word_1_509' title='bbox 816 4377 988 4440; x_wconf 89' lang='lat' dir='ltr'>cardinalis</span> <span class='ocrx_word' id='word_1_510' title='bbox 1011 4378 1058 4440; x_wconf 91' lang='lat' dir='ltr'>tit.</span> <span class='ocrx_word' id='word_1_511' title='bbox 1082 4377 1185 4439; x_wconf 90' lang='lat' dir='ltr'>sancti</span> <span class='ocrx_word' id='word_1_512' title='bbox 1211 4375 1355 4438; x_wconf 91' lang='lat' dir='ltr'>Marcelli</span> <span class='ocrx_word' id='word_1_513' title='bbox 1378 4396 1419 4437; x_wconf 91' lang='lat' dir='ltr'>ss.</span> 
     </span>
    </p>

    <p class='ocr_par' dir='ltr' id='par_1_12' title="bbox 372 4461 1300 4544">
     <span class='ocr_line' id='line_1_47' title="bbox 372 4461 1300 4544; baseline 0.002 -21"><span class='ocrx_word' id='word_1_514' title='bbox 372 4462 393 4539; x_wconf 90' lang='lat'><strong>†</strong></span> <span class='ocrx_word' id='word_1_515' title='bbox 416 4461 489 4543; x_wconf 86' lang='lat' dir='ltr'>Ego</span> <span class='ocrx_word' id='word_1_516' title='bbox 513 4461 622 4525; x_wconf 92' lang='lat' dir='ltr'>Guido</span> <span class='ocrx_word' id='word_1_517' title='bbox 645 4464 807 4544; x_wconf 91' lang='lat' dir='ltr'>presbiter</span> <span class='ocrx_word' id='word_1_518' title='bbox 829 4466 1000 4529; x_wconf 90' lang='lat' dir='ltr'>cardinalis</span> <span class='ocrx_word' id='word_1_519' title='bbox 1024 4468 1071 4529; x_wconf 92' lang='lat' dir='ltr'>tit.</span> <span class='ocrx_word' id='word_1_520' title='bbox 1094 4466 1236 4528; x_wconf 88' lang='lat' dir='ltr'>Pastoris</span> <span class='ocrx_word' id='word_1_521' title='bbox 1259 4486 1300 4526; x_wconf 83' lang='lat' dir='ltr'>ss</span> 
     </span>
    </p>

    <p class='ocr_par' dir='ltr' id='par_1_13' title="bbox 372 4552 1535 4634">
     <span class='ocr_line' id='line_1_48' title="bbox 372 4552 1535 4634; baseline 0.001 -22"><span class='ocrx_word' id='word_1_522' title='bbox 372 4552 394 4629; x_wconf 64' lang='lat' dir='ltr'>i</span> <span class='ocrx_word' id='word_1_523' title='bbox 416 4552 489 4633; x_wconf 90' lang='lat' dir='ltr'>Ego</span> <span class='ocrx_word' id='word_1_524' title='bbox 512 4552 695 4615; x_wconf 85' lang='lat' dir='ltr'>Bernardus</span> <span class='ocrx_word' id='word_1_525' title='bbox 718 4554 879 4634; x_wconf 92' lang='lat' dir='ltr'>presbiter</span> <span class='ocrx_word' id='word_1_526' title='bbox 901 4556 1074 4618; x_wconf 91' lang='lat' dir='ltr'>cardinalis</span> <span class='ocrx_word' id='word_1_527' title='bbox 1097 4556 1144 4618; x_wconf 90' lang='lat' dir='ltr'>tit.</span> <span class='ocrx_word' id='word_1_528' title='bbox 1168 4555 1271 4617; x_wconf 92' lang='lat' dir='ltr'>sancti</span> <span class='ocrx_word' id='word_1_529' title='bbox 1296 4552 1473 4616; x_wconf 91' lang='lat' dir='ltr'>Clementis</span> <span class='ocrx_word' id='word_1_530' title='bbox 1495 4573 1535 4615; x_wconf 91' lang='lat' dir='ltr'>ss.</span> 
     </span>
    </p>

    <p class='ocr_par' dir='ltr' id='par_1_14' title="bbox 371 4639 1825 4723">
     <span class='ocr_line' id='line_1_49' title="bbox 371 4639 1825 4723; baseline 0.001 -20"><span class='ocrx_word' id='word_1_531' title='bbox 371 4640 392 4718; x_wconf 85' lang='lat'>†</span> <span class='ocrx_word' id='word_1_532' title='bbox 413 4640 487 4721; x_wconf 89' lang='lat' dir='ltr'>Ego</span> <span class='ocrx_word' id='word_1_533' title='bbox 514 4639 672 4703; x_wconf 91' lang='lat' dir='ltr'>lordanus</span> <span class='ocrx_word' id='word_1_534' title='bbox 695 4644 856 4723; x_wconf 91' lang='lat' dir='ltr'>presbiter</span> <span class='ocrx_word' id='word_1_535' title='bbox 884 4645 1056 4707; x_wconf 92' lang='lat' dir='ltr'>cardinalis</span> <span class='ocrx_word' id='word_1_536' title='bbox 1079 4646 1127 4706; x_wconf 92' lang='lat' dir='ltr'>tit.</span> <span class='ocrx_word' id='word_1_537' title='bbox 1150 4654 1333 4705; x_wconf 88' lang='lat' dir='ltr'>sanctarum</span> <span class='ocrx_word' id='word_1_538' title='bbox 1357 4641 1505 4704; x_wconf 90' lang='lat' dir='ltr'>Susanne</span> <span class='ocrx_word' id='word_1_539' title='bbox 1529 4651 1562 4704; x_wconf 88' lang='lat' dir='ltr'>et</span> <span class='ocrx_word' id='word_1_540' title='bbox 1582 4641 1760 4704; x_wconf 91' lang='lat' dir='ltr'>Felicitatis</span> <span class='ocrx_word' id='word_1_541' title='bbox 1783 4662 1825 4705; x_wconf 78' lang='lat' dir='ltr'>ss</span> 
     </span>
    </p>

    <p class='ocr_par' dir='ltr' id='par_1_15' title="bbox 371 4729 1505 4812">
     <span class='ocr_line' id='line_1_50' title="bbox 371 4729 1505 4812; baseline -0.001 -20"><span class='ocrx_word' id='word_1_542' title='bbox 371 4729 392 4806; x_wconf 89' lang='lat'><strong>†</strong></span> <span class='ocrx_word' id='word_1_543' title='bbox 415 4730 488 4810; x_wconf 87' lang='lat' dir='ltr'>Ego</span> <span class='ocrx_word' id='word_1_544' title='bbox 512 4730 712 4793; x_wconf 90' lang='lat' dir='ltr'>Octavianus</span> <span class='ocrx_word' id='word_1_545' title='bbox 735 4733 897 4812; x_wconf 91' lang='lat' dir='ltr'>presbiter</span> <span class='ocrx_word' id='word_1_546' title='bbox 920 4734 1092 4796; x_wconf 90' lang='lat' dir='ltr'>cardinalis</span> <span class='ocrx_word' id='word_1_547' title='bbox 1116 4734 1162 4795; x_wconf 89' lang='lat' dir='ltr'>tit.</span> <span class='ocrx_word' id='word_1_548' title='bbox 1186 4745 1297 4794; x_wconf 90' lang='lat' dir='ltr'>sancte</span> <span class='ocrx_word' id='word_1_549' title='bbox 1322 4731 1441 4794; x_wconf 90' lang='lat' dir='ltr'>Cecilie</span> <span class='ocrx_word' id='word_1_550' title='bbox 1464 4751 1505 4792; x_wconf 89' lang='lat' dir='ltr'>ss.</span> 
     </span>
    </p>

    <p class='ocr_par' dir='ltr' id='par_1_16' title="bbox 372 4817 1826 4900">
     <span class='ocr_line' id='line_1_51' title="bbox 372 4817 1826 4900; baseline 0.001 -21"><span class='ocrx_word' id='word_1_551' title='bbox 372 4818 487 4898; x_wconf 83' lang='lat' dir='ltr'>†Ego</span> <span class='ocrx_word' id='word_1_552' title='bbox 511 4817 675 4881; x_wconf 89' lang='lat' dir='ltr'>Gerardus</span> <span class='ocrx_word' id='word_1_553' title='bbox 698 4822 859 4900; x_wconf 91' lang='lat' dir='ltr'>presbiter</span> <span class='ocrx_word' id='word_1_554' title='bbox 889 4823 1061 4885; x_wconf 91' lang='lat' dir='ltr'>cardinalis</span> <span class='ocrx_word' id='word_1_555' title='bbox 1091 4824 1139 4884; x_wconf 90' lang='lat' dir='ltr'>tit.</span> <span class='ocrx_word' id='word_1_556' title='bbox 1163 4823 1265 4883; x_wconf 86' lang='lat' dir='ltr'>sancti</span> <span class='ocrx_word' id='word_1_557' title='bbox 1290 4819 1449 4900; x_wconf 91' lang='lat' dir='ltr'>Stephani</span> <span class='ocrx_word' id='word_1_558' title='bbox 1480 4821 1511 4880; x_wconf 92' lang='lat' dir='ltr'>in</span> <span class='ocrx_word' id='word_1_559' title='bbox 1537 4817 1627 4880; x_wconf 85' lang='lat' dir='ltr'>Celio</span> <span class='ocrx_word' id='word_1_560' title='bbox 1652 4828 1764 4881; x_wconf 91' lang='lat' dir='ltr'>monte</span> <span class='ocrx_word' id='word_1_561' title='bbox 1787 4840 1826 4881; x_wconf 90' lang='lat' dir='ltr'>ss.</span> 
     </span>
    </p>

    <p class='ocr_par' dir='ltr' id='par_1_17' title="bbox 373 4904 1737 4989">
     <span class='ocr_line' id='line_1_52' title="bbox 373 4904 1737 4989; baseline 0.001 -22"><span class='ocrx_word' id='word_1_562' title='bbox 373 4904 393 4986; x_wconf 93' lang='lat'><strong>†</strong></span> <span class='ocrx_word' id='word_1_563' title='bbox 417 4908 489 4987; x_wconf 88' lang='lat' dir='ltr'>Ego</span> <span class='ocrx_word' id='word_1_564' title='bbox 512 4907 672 4970; x_wconf 90' lang='lat' dir='ltr'>Henricus</span> <span class='ocrx_word' id='word_1_565' title='bbox 695 4910 856 4989; x_wconf 88' lang='lat' dir='ltr'>presbiter</span> <span class='ocrx_word' id='word_1_566' title='bbox 879 4911 1051 4974; x_wconf 90' lang='lat' dir='ltr'>cardinalis</span> <span class='ocrx_word' id='word_1_567' title='bbox 1074 4912 1121 4974; x_wconf 89' lang='lat' dir='ltr'>tit.</span> <span class='ocrx_word' id='word_1_568' title='bbox 1145 4921 1331 4972; x_wconf 91' lang='lat' dir='ltr'>sanctorum</span> <span class='ocrx_word' id='word_1_569' title='bbox 1356 4909 1451 4970; x_wconf 91' lang='lat' dir='ltr'>Nerei</span> <span class='ocrx_word' id='word_1_570' title='bbox 1476 4918 1509 4969; x_wconf 91' lang='lat' dir='ltr'>et</span> <span class='ocrx_word' id='word_1_571' title='bbox 1531 4904 1672 4969; x_wconf 89' lang='lat' dir='ltr'>Achillei</span> <span class='ocrx_word' id='word_1_572' title='bbox 1696 4929 1737 4969; x_wconf 74' lang='lat' dir='ltr'>ss,</span> 
     </span>
    </p>

    <p class='ocr_par' dir='ltr' id='par_1_18' title="bbox 373 4992 1779 5078">
     <span class='ocr_line' id='line_1_53' title="bbox 373 4992 1779 5078; baseline 0.001 -22"><span class='ocrx_word' id='word_1_573' title='bbox 373 4992 393 5076; x_wconf 89' lang='lat'>†</span> <span class='ocrx_word' id='word_1_574' title='bbox 417 4993 490 5077; x_wconf 90' lang='lat' dir='ltr'>Ego</span> <span class='ocrx_word' id='word_1_575' title='bbox 513 4995 675 5058; x_wconf 92' lang='lat' dir='ltr'>Iohannes</span> <span class='ocrx_word' id='word_1_576' title='bbox 698 4999 858 5078; x_wconf 89' lang='lat' dir='ltr'>presbiter</span> <span class='ocrx_word' id='word_1_577' title='bbox 881 5001 1053 5062; x_wconf 93' lang='lat' dir='ltr'>cardinalis</span> <span class='ocrx_word' id='word_1_578' title='bbox 1077 5002 1123 5063; x_wconf 91' lang='lat' dir='ltr'>tit.</span> <span class='ocrx_word' id='word_1_579' title='bbox 1147 5011 1332 5061; x_wconf 91' lang='lat' dir='ltr'>sanctorum</span> <span class='ocrx_word' id='word_1_580' title='bbox 1358 4994 1502 5059; x_wconf 91' lang='lat' dir='ltr'>Silvestri</span> <span class='ocrx_word' id='word_1_581' title='bbox 1527 5007 1560 5058; x_wconf 91' lang='lat' dir='ltr'>et</span> <span class='ocrx_word' id='word_1_582' title='bbox 1584 4997 1714 5058; x_wconf 90' lang='lat' dir='ltr'>Martini</span> <span class='ocrx_word' id='word_1_583' title='bbox 1739 5017 1779 5058; x_wconf 80' lang='lat' dir='ltr'>ss</span> 
     </span>
    </p>
   </div>
   <div class='ocr_carea' id='block_1_3' title="bbox 371 5084 1699 5522">
    <p class='ocr_par' dir='ltr' id='par_1_19' title="bbox 372 5084 1699 5343">
     <span class='ocr_line' id='line_1_54' title="bbox 373 5084 1699 5169; baseline 0 -23"><span class='ocrx_word' id='word_1_584' title='bbox 373 5085 394 5163; x_wconf 83' lang='lat'>†</span> <span class='ocrx_word' id='word_1_585' title='bbox 417 5084 490 5165; x_wconf 89' lang='lat' dir='ltr'>Ego</span> <span class='ocrx_word' id='word_1_586' title='bbox 513 5084 614 5147; x_wconf 92' lang='lat' dir='ltr'>Oddo</span> <span class='ocrx_word' id='word_1_587' title='bbox 639 5086 796 5150; x_wconf 90' lang='lat' dir='ltr'>diaconus</span> <span class='ocrx_word' id='word_1_588' title='bbox 820 5090 990 5168; x_wconf 91' lang='lat' dir='ltr'>cardinalis</span> <span class='ocrx_word' id='word_1_589' title='bbox 1014 5090 1116 5152; x_wconf 92' lang='lat' dir='ltr'>sancti</span> <span class='ocrx_word' id='word_1_590' title='bbox 1141 5089 1273 5169; x_wconf 91' lang='lat' dir='ltr'>Georgii</span> <span class='ocrx_word' id='word_1_591' title='bbox 1298 5087 1339 5148; x_wconf 92' lang='lat' dir='ltr'>ad</span> <span class='ocrx_word' id='word_1_592' title='bbox 1362 5086 1481 5148; x_wconf 89' lang='lat' dir='ltr'>Velum</span> <span class='ocrx_word' id='word_1_593' title='bbox 1506 5105 1638 5147; x_wconf 91' lang='lat' dir='ltr'>aureum</span> <span class='ocrx_word' id='word_1_594' title='bbox 1660 5106 1699 5147; x_wconf 90' lang='lat' dir='ltr'>ss.</span> 
     </span>
     <span class='ocr_line' id='line_1_55' title="bbox 373 5169 1688 5256; baseline 0.002 -23"><span class='ocrx_word' id='word_1_595' title='bbox 373 5169 394 5253; x_wconf 87' lang='lat'><em>†</em></span> <span class='ocrx_word' id='word_1_596' title='bbox 417 5173 490 5254; x_wconf 89' lang='lat' dir='ltr'>Ego</span> <span class='ocrx_word' id='word_1_597' title='bbox 513 5173 708 5255; x_wconf 92' lang='lat' dir='ltr'>Rodulphus</span> <span class='ocrx_word' id='word_1_598' title='bbox 732 5176 888 5240; x_wconf 89' lang='lat' dir='ltr'>diaconus</span> <span class='ocrx_word' id='word_1_599' title='bbox 912 5179 1084 5240; x_wconf 88' lang='lat' dir='ltr'>cardinalis</span> <span class='ocrx_word' id='word_1_600' title='bbox 1107 5188 1218 5240; x_wconf 93' lang='lat' dir='ltr'>sancte</span> <span class='ocrx_word' id='word_1_601' title='bbox 1241 5177 1342 5239; x_wconf 90' lang='lat' dir='ltr'>Lucie</span> <span class='ocrx_word' id='word_1_602' title='bbox 1366 5175 1397 5236; x_wconf 94' lang='lat' dir='ltr'>in</span> <span class='ocrx_word' id='word_1_603' title='bbox 1422 5175 1525 5256; x_wconf 86' lang='lat' dir='ltr'>Septa</span> <span class='ocrx_word' id='word_1_604' title='bbox 1547 5174 1624 5236; x_wconf 89' lang='lat' dir='ltr'>solis</span> <span class='ocrx_word' id='word_1_605' title='bbox 1647 5195 1688 5236; x_wconf 92' lang='lat' dir='ltr'>ss.</span> 
     </span>
     <span class='ocr_line' id='line_1_56' title="bbox 372 5261 1533 5343; baseline 0 -19"><span class='ocrx_word' id='word_1_606' title='bbox 372 5262 393 5340; x_wconf 83' lang='lat'>†</span> <span class='ocrx_word' id='word_1_607' title='bbox 415 5261 489 5343; x_wconf 84' lang='lat' dir='ltr'>Ego</span> <span class='ocrx_word' id='word_1_608' title='bbox 513 5261 622 5325; x_wconf 91' lang='lat' dir='ltr'>Guido</span> <span class='ocrx_word' id='word_1_609' title='bbox 647 5263 803 5327; x_wconf 91' lang='lat' dir='ltr'>diaconus</span> <span class='ocrx_word' id='word_1_610' title='bbox 827 5267 999 5329; x_wconf 89' lang='lat' dir='ltr'>cardinalis</span> <span class='ocrx_word' id='word_1_611' title='bbox 1022 5278 1134 5330; x_wconf 91' lang='lat' dir='ltr'>sancte</span> <span class='ocrx_word' id='word_1_612' title='bbox 1159 5266 1261 5329; x_wconf 92' lang='lat' dir='ltr'>Marie</span> <span class='ocrx_word' id='word_1_613' title='bbox 1284 5267 1317 5328; x_wconf 93' lang='lat' dir='ltr'>in</span> <span class='ocrx_word' id='word_1_614' title='bbox 1340 5265 1469 5326; x_wconf 90' lang='lat' dir='ltr'>Porticu</span> <span class='ocrx_word' id='word_1_615' title='bbox 1493 5284 1533 5325; x_wconf 92' lang='lat' dir='ltr'>ss.</span> 
     </span>
    </p>

    <p class='ocr_par' dir='ltr' id='par_1_20' title="bbox 372 5348 1634 5435">
     <span class='ocr_line' id='line_1_57' title="bbox 372 5348 1634 5435; baseline -0.001 -22"><span class='ocrx_word' id='word_1_616' title='bbox 372 5349 393 5429; x_wconf 89' lang='lat'>†</span> <span class='ocrx_word' id='word_1_617' title='bbox 415 5351 489 5432; x_wconf 89' lang='lat' dir='ltr'>Ego</span> <span class='ocrx_word' id='word_1_618' title='bbox 512 5348 674 5414; x_wconf 89' lang='lat' dir='ltr'>Iohannes</span> <span class='ocrx_word' id='word_1_619' title='bbox 698 5353 855 5418; x_wconf 92' lang='lat' dir='ltr'>diaconus</span> <span class='ocrx_word' id='word_1_620' title='bbox 879 5356 1051 5419; x_wconf 90' lang='lat' dir='ltr'>cardinalis</span> <span class='ocrx_word' id='word_1_621' title='bbox 1074 5365 1261 5418; x_wconf 91' lang='lat' dir='ltr'>sanctorum</span> <span class='ocrx_word' id='word_1_622' title='bbox 1285 5354 1389 5435; x_wconf 88' lang='lat' dir='ltr'>Sergii</span> <span class='ocrx_word' id='word_1_623' title='bbox 1414 5363 1446 5414; x_wconf 93' lang='lat' dir='ltr'>et</span> <span class='ocrx_word' id='word_1_624' title='bbox 1468 5351 1570 5414; x_wconf 91' lang='lat' dir='ltr'>Bachi</span> <span class='ocrx_word' id='word_1_625' title='bbox 1594 5372 1634 5413; x_wconf 93' lang='lat' dir='ltr'>ss.</span> 
     </span>
    </p>

    <p class='ocr_par' dir='ltr' id='par_1_21' title="bbox 371 5438 1691 5522">
     <span class='ocr_line' id='line_1_58' title="bbox 371 5438 1691 5522; baseline -0.001 -20"><span class='ocrx_word' id='word_1_626' title='bbox 371 5438 392 5518; x_wconf 89' lang='lat'><strong>†</strong></span> <span class='ocrx_word' id='word_1_627' title='bbox 414 5439 488 5522; x_wconf 91' lang='lat' dir='ltr'>Ego</span> <span class='ocrx_word' id='word_1_628' title='bbox 512 5439 590 5503; x_wconf 92' lang='lat' dir='ltr'>Odo</span> <span class='ocrx_word' id='word_1_629' title='bbox 614 5440 770 5505; x_wconf 92' lang='lat' dir='ltr'>diaconus</span> <span class='ocrx_word' id='word_1_630' title='bbox 794 5445 966 5508; x_wconf 89' lang='lat' dir='ltr'>cardinalis</span> <span class='ocrx_word' id='word_1_631' title='bbox 989 5447 1091 5507; x_wconf 93' lang='lat' dir='ltr'>sancti</span> <span class='ocrx_word' id='word_1_632' title='bbox 1115 5445 1243 5507; x_wconf 92' lang='lat' dir='ltr'>Nicolai</span> <span class='ocrx_word' id='word_1_633' title='bbox 1268 5445 1300 5506; x_wconf 95' lang='lat' dir='ltr'>in</span> <span class='ocrx_word' id='word_1_634' title='bbox 1324 5462 1453 5505; x_wconf 91' lang='lat' dir='ltr'>carcere</span> <span class='ocrx_word' id='word_1_635' title='bbox 1475 5441 1627 5503; x_wconf 89' lang='lat' dir='ltr'>Tulliano</span> <span class='ocrx_word' id='word_1_636' title='bbox 1651 5461 1691 5502; x_wconf 90' lang='lat' dir='ltr'>ss.</span> 
     </span>
    </p>
   </div>
   <div class='ocr_carea' id='block_1_4' title="bbox 160 5553 259 5561">
    <p class='ocr_par' dir='ltr' id='par_1_22' title="bbox 160 5553 259 5561">
     <span class='ocr_line' id='line_1_59' title="bbox 160 5553 259 5561; baseline 0.01 -1"><span class='ocrx_word' id='word_1_637' title='bbox 160 5553 259 5561; x_wconf 78' lang='lat'><em>—--—</em></span> 
     </span>
    </p>
   </div>
   <div class='ocr_carea' id='block_1_5' title="bbox 160 5595 1828 5735">
    <p class='ocr_par' dir='ltr' id='par_1_23' title="bbox 160 5595 1828 5735">
     <span class='ocr_line' id='line_1_60' title="bbox 321 5595 1828 5668; baseline 0.002 -24"><span class='ocrx_word' id='word_1_638' title='bbox 321 5597 347 5662; x_wconf 83' lang='lat' dir='ltr'>t)</span> <span class='ocrx_word' id='word_1_639' title='bbox 369 5595 430 5646; x_wconf 68' lang='lat' dir='ltr'>Ura.</span> <span class='ocrx_word' id='word_1_640' title='bbox 443 5598 510 5646; x_wconf 72' lang='lat'><strong><em>1049</em></strong></span> <span class='ocrx_word' id='word_1_641' title='bbox 524 5598 587 5661; x_wconf 66' lang='lat' dir='ltr'>Sept.</span> <span class='ocrx_word' id='word_1_642' title='bbox 600 5626 632 5635; x_wconf 96' lang='lat'><em>-</em></span> <span class='ocrx_word' id='word_1_643' title='bbox 648 5601 716 5649; x_wconf 85' lang='lat'><em>1050</em></span> <span class='ocrx_word' id='word_1_644' title='bbox 729 5602 790 5665; x_wconf 83' lang='lat' dir='ltr'>Sept.</span> <span class='ocrx_word' id='word_1_645' title='bbox 861 5605 888 5668; x_wconf 82' lang='lat'>2)</span> <span class='ocrx_word' id='word_1_646' title='bbox 908 5602 986 5651; x_wconf 71' lang='lat' dir='ltr'>Niclr</span> <span class='ocrx_word' id='word_1_647' title='bbox 1001 5602 1115 5663; x_wconf 78' lang='lat' dir='ltr'>erhalten,</span> <span class='ocrx_word' id='word_1_648' title='bbox 1134 5605 1209 5667; x_wconf 78' lang='lat' dir='ltr'>vergl.</span> <span class='ocrx_word' id='word_1_649' title='bbox 1229 5602 1266 5652; x_wconf 81' lang='lat' dir='ltr'>dic</span> <span class='ocrx_word' id='word_1_650' title='bbox 1281 5602 1341 5652; x_wconf 79' lang='lat' dir='ltr'>Urk.</span> <span class='ocrx_word' id='word_1_651' title='bbox 1360 5617 1414 5650; x_wconf 73' lang='lat' dir='ltr'>vora</span> <span class='ocrx_word' id='word_1_652' title='bbox 1431 5601 1464 5648; x_wconf 83' lang='lat'>30</span> <span class='ocrx_word' id='word_1_653' title='bbox 1478 5600 1537 5649; x_wconf 82' lang='lat' dir='ltr'>Dec.</span> <span class='ocrx_word' id='word_1_654' title='bbox 1550 5600 1625 5649; x_wconf 83' lang='lat'><strong><em>1153.</em></strong></span> <span class='ocrx_word' id='word_1_655' title='bbox 1698 5598 1725 5661; x_wconf 89' lang='lat'>3)</span> <span class='ocrx_word' id='word_1_656' title='bbox 1750 5596 1828 5661; x_wconf 79' lang='lat' dir='ltr'>Vergl.</span> 
     </span>
     <span class='ocr_line' id='line_1_61' title="bbox 160 5665 625 5735; baseline 0.009 -20"><span class='ocrx_word' id='word_1_657' title='bbox 160 5666 194 5716; x_wconf 83' lang='lat' dir='ltr'>die</span> <span class='ocrx_word' id='word_1_658' title='bbox 215 5665 277 5718; x_wconf 78' lang='lat' dir='ltr'>Urk.</span> <span class='ocrx_word' id='word_1_659' title='bbox 295 5682 352 5716; x_wconf 84' lang='lat' dir='ltr'>vom</span> <span class='ocrx_word' id='word_1_660' title='bbox 371 5668 405 5718; x_wconf 83' lang='lat'>31</span> <span class='ocrx_word' id='word_1_661' title='bbox 426 5668 532 5733; x_wconf 78' lang='lat' dir='ltr'>Januar</span> <span class='ocrx_word' id='word_1_662' title='bbox 545 5672 625 5735; x_wconf 64' lang='lat'><strong><em>1145.</em></strong></span> 
     </span>
    </p>
   </div>
   <div class='ocr_carea' id='block_1_6' title="bbox 0 0 1997 6194">
    <p class='ocr_par' dir='ltr' id='par_1_24' title="bbox 0 0 1997 6194">
     <span class='ocr_line' id='line_1_62' title="bbox 0 0 1997 6194; baseline 0 0"><span class='ocrx_word' id='word_1_663' title='bbox 0 0 1997 6194; x_wconf 95' lang='lat' dir='ltr'> </span> 
     </span>
    </p>
   </div>
  </div>
 </body>
</html>
