3974 6188
231 266 294 328 104

227 439 260 500 in
283 435 419 499 domino
443 431 506 506 filii,
528 430 644 492 vestris
668 429 759 491 iustis
782 428 1058 511 postulationibus
1082 427 1260 491 clementer
1283 427 1463 503 annuimus,
1487 435 1521 491 et
1543 427 1704 509 prefatam
1726 427 1912 506 ecclesiam,

227 528 260 589 in
284 545 349 608 qua
371 523 482 586 divino
505 520 683 601 mancipati
708 519 786 580 estis
809 518 980 598 obsequio,
1003 517 1064 579 sub
1088 517 1177 579 beati
1193 516 1278 580 Petri
1301 525 1335 578 et
1357 523 1469 579 nostra
1485 517 1691 599 protectione
1712 519 1913 600 suscipimus

228 621 262 678 et
284 611 445 697 presentis
474 609 588 690 scripti
619 607 788 689 privilegio
821 608 1072 669 communimus.
1118 603 1314 679 StatuenteS,
1347 611 1383 666 ut
1413 625 1639 687 quascumque
1668 609 1907 689 possessiones,

228 720 436 786 quecumque
466 698 555 760 bona
586 697 705 759 eadem
735 694 872 758 ecclesia
902 697 935 758 in
967 697 1203 778 presentiarum
1234 696 1319 757 iuste
1349 702 1383 756 et
1413 696 1570 757 canonice
1600 694 1757 776 possidet,
1790 704 1849 759 aut
1875 699 1908 760 in

227 792 371 856 futurum
396 788 610 852 concessione
633 783 834 867 pontificum,
857 784 1031 865 largitione
1054 802 1167 864 regum
1191 782 1244 846 vel
1267 783 1459 865 principum,
1488 782 1658 847 oblatione
1680 783 1827 848 fidelium
1850 804 1908 849 seu

227 882 299 944 aliis
335 879 427 942 iustis
458 874 567 937 modis
605 875 671 936 deo
703 873 849 955 propitio
880 875 1003 955 poterit
1033 873 1190 954 adipisci,
1223 870 1317 934 firma
1348 872 1407 935 tibi
1437 872 1567 952 tuisque
1597 873 1845 937 successoribus
1876 884 1910 939 et

227 969 355 1033 illibata
378 970 601 1048 permaneant.
646 963 683 1024 ln
707 961 826 1044 quibus
849 961 910 1047 hec
932 962 1073 1043 propriis
1103 962 1258 1024 duximus
1290 961 1505 1042 exprimenda
1528 961 1712 1024 vocabulis:
1751 962 1909 1027 ecclesias

226 1059 331 1121 sancti
356 1052 537 1130 Michaelis
560 1058 672 1136 sancte
696 1049 816 1124 Crucis,
839 1058 950 1136 sancte
974 1049 1057 1113 Mari
1101 1052 1212 1113 matris
1237 1049 1371 1124 domini,
1394 1050 1567 1113 ecclesiam
1591 1053 1694 1113 sancti
1716 1049 1911 1128 Alexandri,

228 1147 400 1210 ecclesiam
416 1148 528 1227 sancte
543 1141 722 1215 Trinitatis,
745 1137 916 1201 ecclesiam
940 1139 1044 1201 sancti
1059 1069 1230 1220 {tephani
1254 1137 1426 1202 ecclesiam
1443 1141 1546 1201 sancti
1562 1138 1712 1215 Zenonis,
1736 1140 1908 1205 ecclesiam

227 1244 415 1298 sanctorum
440 1229 614 1311 Symeonis
638 1237 672 1290 et
693 1228 783 1301 lude,
818 1227 988 1291 ecclesiam
1015 1229 1119 1290 sancti
1143 1226 1258 1310 Egidii,
1289 1236 1383 1291 extra
1406 1229 1571 1290 civitatem
1603 1227 1774 1292 ecclesiam
1804 1232 1909 1294 sancti

227 1323 367 1408 Thome,
398 1319 570 1384 ecclesiam
593 1318 696 1380 sancti
720 1313 877 1391 Silvestri,
901 1316 1069 1379 ecclesiam
1093 1325 1205 1379 sancte
1228 1315 1333 1379 Marie
1356 1319 1388 1378 in
1411 1323 1507 1398 prato
1530 1316 1705 1392 Lamberti,
1735 1317 1910 1383 ecclesiam

227 1412 331 1476 sancti
347 1408 500 1475 Celestini
522 1409 555 1469 in
570 1405 703 1479 Pletula,
728 1405 898 1468 ecclesiam
922 1405 1025 1467 sancti
1040 1403 1168 1468 Nicolai
1192 1406 1223 1467 in
1244 1404 1404 1480 Casaleto,
1428 1405 1599 1468 ecclesiam
1623 1408 1728 1469 sancti
1752 1405 1908 1482 Cassiani,

228 1500 399 1565 ecclesiam
431 1497 534 1560 sancti
568 1493 701 1576 Georgii
733 1501 768 1557 et
796 1495 897 1557 sancti
929 1493 998 1557 Viti
1031 1514 1130 1576 supra
1159 1493 1267 1557 locum
1299 1514 1374 1556 cum
1404 1495 1607 1576 pertinentiis
1639 1515 1767 1571 earum,
1799 1496 1908 1560 villam

228 1592 272 1653 de
296 1587 428 1662 Pletule,
452 1594 582 1669 pratum
601 1583 778 1657 Lamberti,
802 1583 1011 1646 medietatem
1026 1581 1129 1645 Volte
1152 1592 1185 1645 et
1208 1582 1419 1646 medietatem
1443 1582 1570 1659 Cerete,
1594 1591 1628 1646 et
1650 1585 1808 1664 quicquid
1833 1586 1909 1649 iuris

228 1679 357 1742 habetis
387 1676 419 1739 in
449 1673 595 1758 ecclesiis
627 1671 808 1735 eorundem
832 1672 990 1746 locorum,
1023 1670 1207 1735 Casaletum
1236 1692 1310 1734 cum
1335 1681 1426 1735 curte
1448 1673 1550 1735 sancti
1573 1670 1729 1749 Cassiani,
1761 1675 1911 1738 decimas

228 1770 330 1832 totius
354 1763 492 1828 civitatis
516 1771 550 1824 et
572 1761 740 1843 Bagneoli,
763 1762 945 1834 Fornicate,
978 1758 1107 1846 Ceresie
1137 1769 1172 1822 et
1194 1760 1390 1835 Runcorum,
1421 1759 1625 1836 Armanoris,
1657 1763 1736 1825 item
1760 1763 1910 1827 decimas

229 1858 333 1920 sancti
356 1853 487 1917 Thornc
518 1859 551 1913 et
580 1851 682 1912 sancti
707 1847 864 1924 Silvestri,
888 1849 993 1913 Castri
1024 1852 1108 1923 novi,
1131 1849 1214 1912 Asili
1246 1869 1349 1928 usque
1381 1851 1424 1912 ad
1448 1850 1623 1925 Ludulum,
1654 1871 1674 1912 a
1705 1853 1777 1933 ripa
1802 1853 1908 1915 Mintii

228 1964 334 2028 usque
357 1943 398 2005 ad
423 1940 543 2003 flumen
565 1938 707 2001 Larioris
726 1939 764 2015 a),
787 1947 853 2001 tres
872 1946 901 2012 a)
926 1946 1035 2021 partes
1055 1937 1084 2018 a)
1112 1939 1314 2001 decimarum
1333 1938 1363 2022 a)
1394 1939 1438 2000 de
1461 1938 1662 2014 Formicosa,
1692 1941 1858 2004 decimam
1877 1941 1908 2024 b)

230 2035 273 2099 de
297 2033 423 2114 Cepata
446 2038 480 2093 et
497 2029 528 2108 b)
552 2027 595 2090 de
619 2035 710 2089 curte
733 2037 767 2089 et
789 2029 913 2108 guarda
936 2027 1037 2089 sancti
1061 2026 1203 2109 Georgii.
1250 2027 1467 2090 Decernimus
1491 2047 1579 2109 erg0,
1611 2037 1647 2091 ut
1668 2028 1747 2092 nulli
1772 2032 1911 2094 omnino

229 2122 400 2187 hominum
429 2118 541 2192 liceat,
571 2115 734 2198 prefatam
765 2116 937 2179 ecclesiam
965 2124 1089 2178 temere
1120 2115 1312 2198 perturbare
1341 2125 1398 2179 aut
1426 2118 1495 2178 eius
1526 2119 1750 2198 possessiones
1781 2119 1913 2183 auferre

229 2213 282 2275 vel
313 2209 441 2273 oblatas
472 2206 624 2279 retinere,
656 2205 801 2267 minuere
831 2213 888 2268 aut
918 2203 1079 2286 aliquibus
1107 2205 1336 2268 vexationibus
1367 2204 1519 2286 fatigare,
1560 2214 1611 2268 set
1643 2207 1753 2269 omnia
1783 2208 1908 2290 integra

231 2305 464 2364 conserventur
486 2313 610 2368 eorum,
640 2313 701 2375 pro
725 2313 864 2373 quorum
888 2293 1126 2376 gubernatione
1156 2301 1190 2356 et
1219 2295 1457 2356 sustentatione
1489 2314 1646 2358 concessa
1677 2304 1762 2372 sunt,
1795 2297 1908 2360 usibus

232 2386 430 2453 omnimodis
453 2381 633 2465 profutura,
656 2380 745 2445 salva
767 2383 855 2445 sedis
872 2382 1055 2464 apostolice
1078 2383 1272 2445 auctoritate
1292 2391 1326 2446 et
1341 2383 1507 2445 diocesani
1524 2386 1673 2466 episcopi
1694 2389 1725 2462 c)
1750 2387 1909 2449 canonica

230 2479 359 2542 iustitia.
405 2471 439 2537 Si
463 2491 528 2551 qua
552 2473 650 2554 igitur
678 2471 709 2532 in
739 2470 883 2534 futurum
914 2471 1136 2534 ecclesiastica
1164 2471 1359 2535 secularisve
1386 2492 1541 2554 persona,
1572 2472 1656 2536 hanc
1687 2481 1801 2537 nostre
1831 2494 1912 2537 con·

229 2565 404 2630 stitutionis
427 2561 579 2644 paginam
602 2562 716 2634 sciens,
744 2568 857 2622 contra
885 2579 959 2623 eam
980 2562 1092 2622 venire
1114 2563 1335 2641 temptaverit,
1364 2561 1510 2624 secundo
1533 2563 1674 2625 tertiove
1697 2565 1910 2638 commonita,

230 2659 257 2719 si
289 2675 354 2717 non
385 2650 606 2714 satisfactione
637 2668 784 2730 congrua
814 2649 1050 2723 emendaverit,
1087 2649 1261 2729 potestatis
1289 2647 1489 2729 honorisque
1520 2652 1570 2713 sui
1605 2651 1762 2733 dignitate
1798 2660 1910 2715 careat

231 2761 387 2824 reamque
409 2759 446 2802 se
468 2738 579 2800 divino
603 2738 722 2800 iudicio
746 2739 888 2800 existere
911 2737 954 2799 de
977 2745 1165 2819 perpetrata
1189 2737 1358 2817 iniquitate
1381 2747 1570 2820 cognoscat,
1594 2748 1662 2802 eta
1684 2741 1908 2803 sacratissimo

231 2848 430 2915 corporeae
453 2828 608 2909 sanguine
631 2827 685 2888 dei
710 2834 744 2888 et
766 2827 901 2901 domini,
925 2825 1143 2908 redemptoris
1166 2829 1267 2888 nostri
1291 2827 1363 2890 Iesu
1381 2825 1508 2902 Christi,
1535 2827 1639 2891 aliena
1662 2827 1726 2904 fiat,
1749 2837 1852 2912 atque
1874 2832 1908 2892 in

231 2930 382 2985 extremo
406 2917 558 2979 examine
582 2916 728 2977 districte
743 2914 857 2978 ultioni
872 2915 1048 2978 subiaceat.
1088 2913 1221 2977 Cunctis
1236 2924 1356 2990 autem,
1380 2917 1488 2979 eidem
1504 2916 1580 2980 loco
1596 2919 1680 2980 iusta
1693 2918 1912 2993 servantibus,

231 3013 274 3073 sit
296 3028 363 3092 pax
393 3005 518 3068 domini
549 3006 651 3065 nostri
672 2999 676 3087 l
697 3003 769 3066 Iesu
794 3002 921 3080 Christi,
953 3011 1113 3084 quatenus
1136 3002 1244 3067 ethic
1267 3003 1407 3067 fructum
1440 3005 1527 3092 bone
1558 3009 1697 3070 actionis
1724 3008 1911 3090 percipiant

232 3109 266 3163 et
287 3097 376 3180 apud
399 3094 583 3157 districtum
606 3093 747 3155 iudicem
771 3096 896 3174 premia
919 3100 1028 3178 eterne
1051 3094 1142 3174 pacis
1165 3095 1339 3156 inveniant.
1386 3092 1505 3156 Amen.
1527 3095 1618 3159 A·m.
1641 3095 1762 3159 Amen.

445 3183 500 3260 (R)
524 3180 598 3262 Ego
622 3179 787 3263 Eugenius
811 3181 970 3266 catholice
994 3181 1131 3267 ecclesie
1155 3184 1330 3264 episcopus
1353 3203 1393 3244 ss.
1418 3184 1480 3262 (M)

445 3267 466 3352 †
489 3269 563 3352 Ego
586 3271 709 3332 lmarus
732 3270 985 3332 Tusculanensis
1008 3272 1184 3353 episcopus
1207 3291 1248 3334 ss.

446 3356 466 3439 ‘r
490 3358 563 3440 Ego
586 3358 742 3421 Nicolaus
765 3358 965 3422 Albanensis
989 3361 1166 3441 episcopus
1189 3379 1230 3422 ss.
1255 3359 1305 3442 (6)

443 3481 489 3493 -
511 3444 531 3527 ‘r
555 3448 628 3528 Ego
651 3445 823 3510 Hubaldus
846 3448 1008 3530 presbiter
1030 3449 1201 3510 cardinalis
1224 3449 1273 3510 tit.
1296 3455 1407 3510 sancte
1430 3448 1585 3511 Praxedis
1608 3469 1649 3511 ss.
1674 3445 1725 3534 (1)

445 3533 465 3616 ‘r
488 3534 561 3616 Ego
584 3535 758 3599 Aribertus
780 3535 942 3617 presbiter
964 3536 1136 3599 cardinalis
1159 3539 1206 3599 tit.
1229 3545 1340 3623 sancte
1362 3536 1538 3600 Anastasie
1561 3557 1603 3601 ss.

444 3622 465 3705 †
488 3623 561 3705 Ego
586 3623 696 3687 Guido
719 3625 881 3706 presbiter
903 3624 1075 3688 cardinalis
1097 3626 1144 3687 tit,
1168 3625 1311 3688 Pastoris
1333 3645 1375 3687 ss.

445 3710 465 3793 ‘r
489 3710 562 3795 Ego
586 3712 743 3776 Astaldus
767 3714 928 3796 presbiter
950 3714 1122 3778 cardinalis
1145 3717 1192 3777 tit
1216 3722 1330 3801 sancte
1351 3714 1461 3801 Prisce
1484 3734 1525 3776 ss.

444 3799 465 3882 †
488 3799 561 3882 Ego
584 3800 753 3864 Rolandus
777 3803 939 3885 presbiter
962 3803 1133 3865 cardinalis
1156 3805 1204 3865 tit.
1226 3806 1329 3866 sancti
1354 3805 1457 3866 Marci
1480 3823 1521 3866 ss.

444 3892 464 3972 †
488 3889 560 3971 Ego
586 3888 750 3953 Gerardus
780 3892 941 3973 presbiter
972 3891 1145 3954 cardinalis
1172 3893 1218 3954 tit.
1242 3895 1346 3955 sancti
1371 3890 1530 3974 Stephani
1553 3893 1586 3955 in
1611 3889 1703 3955 Celio
1727 3901 1842 3957 monte
1864 3915 1911 3957 ss.

443 3977 464 4059 †
487 3977 560 4060 Ego
584 3978 746 4041 lohannes
769 4000 894 4063 paparo
910 3981 1070 4062 presbiter
1086 3981 1257 4043 cardinalis
1280 3983 1328 4043 tit.
1346 3984 1449 4043 sancti
1465 3982 1632 4044 Laurentii
1651 3982 1683 4044 in
1699 3981 1848 4047 Damaso
1864 4004 1912 4047 ss..

447 4102 487 4112 -
512 4067 531 4151 †
555 4066 628 4149 Ego
653 4065 736 4130 Otto
760 4070 918 4132 diaconus
942 4068 1110 4132 cardinalis
1134 4070 1236 4132 sancti
1261 4068 1394 4152 Georgii
1418 4090 1458 4132 ss.
1483 4067 1533 4153 (1)

444 4156 464 4239 †
487 4154 560 4236 Ego
583 4155 746 4220 lohannes
769 4158 925 4220 diaconus
948 4159 1121 4221 cardinalis
1145 4166 1258 4221 sancte
1282 4159 1385 4223 Marie
1407 4179 1493 4222 nove
1517 4179 1558 4222 ss.
1582 4159 1628 4240 (1)

444 4245 465 4326 †
488 4245 561 4324 Ego
586 4244 695 4308 Guido
719 4246 874 4309 diaconus
897 4246 1067 4310 cardinalis
1089 4255 1202 4310 sancte
1226 4250 1329 4311 Marie
1352 4251 1385 4311 in
1408 4249 1538 4311 Porticu
1561 4267 1603 4310 ss
1627 4248 1672 4329 (1)

445 4333 465 4414 †
488 4331 561 4414 Ego
584 4333 744 4397 Iohannes
768 4336 923 4398 diaconus
947 4335 1119 4399 cardinalis
1142 4344 1330 4399 sanctorum
1353 4338 1459 4418 Sergii
1484 4345 1516 4399 et
1539 4336 1641 4400 Bachi
1663 4357 1706 4399 ss.
1731 4338 1780 4416 (1)

391 4421 468 4483 Dat.
485 4421 658 4497 Ferentini,
682 4443 742 4505 per
765 4444 896 4486 manum
913 4425 1062 4499 Bosonis,
1084 4433 1196 4511 sancte
1220 4424 1370 4488 Romane
1394 4426 1531 4512 ecclesie
1554 4426 1730 4508 scriptoris.
1769 4439 1804 4490 11.
1820 4426 1909 4491 Non.

232 4509 319 4572 Maii.
365 4507 545 4572 Indictione
574 4525 659 4574 x1111.
707 4513 942 4576 incarnationis
979 4515 1146 4576 dominice
1177 4535 1263 4576 anno
1293 4527 1388 4579 ΜΕΝ.
1441 4514 1651 4578 Pontificatus
1681 4534 1761 4578 vero
1792 4515 1910 4579 domni

233 4597 387 4662 Eucnuu
409 4612 449 4660 111
471 4619 526 4680 pp.
550 4619 636 4662 anno
658 4615 717 4663 vn.

395 4712 437 4761 Or.
456 4713 512 4762 und
530 4713 691 4778 Transi-remp!
707 4731 761 4764 vam
783 4714 863 4780 Jadrc
882 4715 959 4775 1350,
977 4715 1010 4764 im
1029 4716 1145 4767 Archivia
1166 4716 1299 4781 Capitolarc
1315 4733 1345 4765 ru
1363 4716 1477 4767 Mantua.

395 4783 466 4850 Perg.
484 4784 544 4844 itud,
565 4787 600 4834 br.
619 4789 704 4846 0,625,
728 4788 789 4852 lang
806 4787 892 4846 0,635,
916 4795 991 4836 unten
1009 4790 1088 4850 0,033
1111 4789 1304 4854 umgcrchlagen,
1332 4789 1408 4837 durch
1432 4789 1490 4838 swei
1510 4789 1603 4839 L'o'cher
1620 4790 1678 4856 geht
1701 4790 1738 4840 die
1762 4791 1912 4842 rothum

231 4854 423 4914 Seidensrbnur,
452 4855 523 4904 deren
547 4856 672 4922 Blein'egel
694 4860 809 4907 verlarrn.
847 4857 954 4924 Fallung
980 4859 1024 4908 der
1039 4861 1137 4910 Brdlen.
1174 4860 1284 4910 Initralr:
1310 4861 1389 4926 wenr'g
1405 4861 1510 4921 venien,
1540 4861 1702 4928 Unrralsarm.
1752 4863 1912 4930 Verewigrmg

232 4926 279 4976 Nr.
301 4930 314 4974 1
336 4925 420 4987 Prufl,
439 4927 607 4991 fitat0,079‚
633 4930 666 4976 im
684 4941 713 4978 lu
732 4930 801 4978 mehr
816 4929 900 4989 belant,
927 4932 965 4979 als
982 4931 1015 4979 im
1033 4944 1096 4983 ΡΡΜ.
1132 4933 1210 4981 Amen
1236 4932 1285 4981 Nr.
1306 4930 1375 4981 Μ’.
1422 4934 1484 4981 Rata
1502 4932 1550 4982 Nr.
1572 4936 1595 4992 1,
1622 4933 1802 4984 Durchmesser
1819 4936 1908 4994 0,062.

232 4996 401 5061 Monagramm
419 4997 466 5046 Nr.
487 4999 531 5056 db,
556 4998 614 5047 koch
633 5001 702 5060 0,0d,
728 5002 787 5049 brer't
811 5001 898 5059 0,037.
935 5002 1072 5068 Ringkreuz
1095 5004 1150 5051 und
1175 5003 1340 5068 Untersckrist
1360 5004 1437 5069 tergm
1451 5005 1541 5069 gleiche
1557 5004 1639 5055 Hand
1660 5007 1717 5054 und
1731 5007 1816 5056 Diruta.
1858 5007 1910 5056 Van

231 5070 276 5117 dm
295 5068 389 5134 Zeugen
405 5068 463 5117 sr'nd
477 5068 545 5118 wohl
558 5070 595 5118 die
612 5070 739 5120 Diakanm
761 5071 826 5131 Otto,
853 5071 932 5121 Guida
953 5075 1009 5122 und
1027 5075 1154 5138 Johannes
1177 5075 1268 5140 (Sergii
1291 5082 1314 5124 et
1330 5075 1431 5139 Baebi),
1458 5075 1656 5126 wahrsrheinlich
1679 5077 1743 5126 auch
1768 5077 1807 5126 dra
1828 5078 1909 5128 balim

231 5140 343 5205 Bischofe
369 5156 416 5189 von
442 5141 559 5189 derselbm
586 5141 666 5191 Hand
686 5143 841 5208 gesrhn'rben.
879 5144 988 5193 Bosonis
1012 5145 1039 5194 in
1056 5146 1099 5195 der
1121 5145 1252 5213 Darinmg
1273 5145 1303 5195 ist
1329 5147 1510 5212 narhgrtragen.
1547 5148 1595 5197 Die
1623 5149 1739 5199 Urhmde
1762 5148 1808 5198 hat
1830 5149 1909 5198 drcrrh

231 5211 392 5276 chhrigkeir
408 5211 476 5261 rtark
489 5212 592 5277 gelitfen.

604 5332 656 5339 ,-

231 5458 309 5508 mr
350 5390 418 5509 DZ)
449 5389 503 5455 aus
523 5391 608 5440 Rarur
744 5392 772 5458 b)
797 5408 845 5442 van
873 5393 923 5441 cim
955 5391 990 5440 bis
1016 5399 1041 5442 et
1072 5406 1118 5458 aas
1147 5395 1234 5443 Ram
1370 5399 1394 5461 c)
1422 5395 1481 5444 iiber
1511 5396 1552 5460 epi
1581 5395 1834 5446 Abbraiaruneichm
1861 5412 1911 5446 von

307 5473 335 5508 er
413 5476 434 5512 e.
