3982 6194
1768 266 1827 320 121

154 427 251 496 firma
280 430 379 498 vobis
408 436 590 518 vestrisque
621 437 862 501 successoribus
891 446 924 500 et
955 432 1081 501 illibata
1113 447 1333 519 permaneant
1379 437 1415 501 In
1445 440 1561 521 quibus
1592 440 1654 504 hec
1686 444 1830 525 propriis

154 523 313 586 duximus
337 527 551 607 exprimenda
574 527 757 589 vocabulis:
798 548 897 590 omne
920 528 976 602 ius,
1001 529 1090 607 quod
1115 527 1242 591 habetis
1266 530 1296 589 in
1322 529 1458 592 ecclesia
1487 533 1589 592 sancti
1613 531 1764 605 Cassiani,
1796 535 1830 596 in

154 611 298 674 ecclesia
322 617 425 676 sancti
448 614 616 678 Laurentii
646 616 686 678 de
707 617 906 679 Pecciorano
930 625 963 678 et
987 620 1018 679 in
1042 617 1179 679 ecclesia
1203 619 1303 680 sancti
1327 619 1404 680 Iusti
1428 619 1470 680 ad
1495 619 1627 681 Arcum.
1675 618 1830 685 Obeunte

154 721 237 764 vero
259 709 302 776 te,
327 724 414 766 nunc
438 706 584 769 eiusdem
608 707 671 768 loci
696 708 814 786 priore,
836 707 888 768 vel
911 714 1041 768 tuorum
1066 705 1214 785 quolibet
1230 727 1464 781 successorum,
1490 708 1595 770 nullus
1618 710 1660 771 ibi
1685 710 1831 791 qualibet

155 790 382 873 subreptionis
404 796 523 856 astutia
546 815 603 857 seu
626 794 781 857 violentia
804 802 1013 876 preponatur,
1044 798 1104 857 nisi
1130 817 1226 876 quem
1252 797 1365 858 fratres
1389 800 1553 860 communi
1577 818 1746 873 consensu,
1778 801 1830 862 vel

156 899 234 961 pars
258 882 387 944 consilii
410 885 546 945 sanioris
569 884 747 946 secundum
772 885 870 946 deum
895 883 1062 964 elegerint;
1087 885 1208 948 electus
1229 896 1337 948 autern
1362 886 1405 947 de
1428 907 1519 948 more
1540 889 1566 966 a)
1591 897 1832 969 representetur

157 969 320 1053 episcopo
352 979 385 1034 et
415 973 578 1035 canonicis
610 975 741 1035 maioris
773 973 910 1056 ecclesie
942 973 1190 1038 confirmandus.
1245 973 1458 1036 Prohibemus
1489 977 1601 1049 etiam,
1642 986 1676 1038 ut
1709 981 1830 1040 nemini

157 1055 264 1133 liceat,
282 1058 502 1141 parrochianis
518 1065 642 1136 vestris,
666 1063 761 1124 vobis
777 1062 976 1137 inconsultis,
1002 1064 1192 1143 penitentias
1209 1065 1296 1138 dare,
1313 1065 1370 1125 nisi
1387 1064 1471 1125 forte
1486 1065 1516 1125 in
1533 1073 1623 1127 tanta
1639 1068 1831 1129 necessitate

156 1146 286 1222 suerint,
311 1150 402 1230 quod
426 1150 467 1212 ad
494 1171 553 1213 nos
578 1172 742 1214 recurrere
767 1172 832 1214 non
856 1154 993 1233 possint.
1040 1151 1128 1213 Nulli
1154 1172 1286 1232 quoque
1310 1154 1423 1215 abbati
1446 1154 1497 1215 vel
1523 1153 1685 1216 monacho
1709 1155 1832 1230 fassit,

156 1237 252 1298 vobis
287 1240 519 1319 ignorantibus,
551 1240 838 1322 parrochianorum
869 1250 1050 1303 vestrorum
1087 1243 1226 1323 aliquem
1260 1241 1454 1304 monachum
1489 1243 1610 1316 facere,
1652 1245 1711 1305 nisi
1742 1245 1832 1306 salva

158 1327 296 1411 ecclesie
319 1337 427 1411 vestre
458 1331 591 1392 iusticia.
638 1329 901 1392 Celebrationem
935 1330 1103 1411 baptismi,
1142 1351 1205 1413 que
1236 1332 1277 1393 ab
1310 1334 1469 1412 episcopo
1498 1341 1531 1393 et
1558 1333 1719 1395 canonicis
1742 1333 1830 1396 beati

159 1416 291 1478 Martini
329 1418 360 1479 in
388 1426 496 1481 vestra
526 1422 694 1481 consuevit
725 1418 861 1481 ecclesia
890 1421 921 1481 in
953 1420 1007 1481 die
1036 1422 1140 1481 sancti
1170 1420 1296 1482 sabbati
1328 1421 1412 1494 fieri,
1448 1424 1597 1502 antiquas
1628 1424 1726 1483 etiam
1758 1443 1832 1504 pro·

158 1507 326 1567 cessiones
357 1527 397 1569 ac
426 1510 584 1570 stationes
615 1518 648 1570 et
679 1511 792 1570 missas
824 1511 970 1582 maioreS,
1003 1527 1066 1587 que
1091 1511 1122 1570 in
1148 1510 1264 1571 eadem
1289 1509 1434 1582 ccclesia,
1466 1510 1598 1590 prefixis
1630 1511 1754 1585 diebuS,
1787 1512 1830 1573 ab

157 1595 285 1655 eisdem
318 1598 482 1657 canonicis
512 1598 668 1660 celebrari
699 1597 812 1671 solent,
844 1598 938 1659 vobis
970 1604 1003 1658 et
1035 1618 1094 1680 per
1126 1619 1184 1659 vos
1208 1597 1344 1677 ecclesie
1368 1608 1473 1681 vestre
1503 1598 1731 1661 nichilominus
1755 1621 1830 1663 con·

157 1682 333 1745 firmamus.
380 1684 595 1748 Decernimus
619 1706 707 1768 ergo,
739 1698 773 1747 ut
796 1687 873 1748 nulli
898 1687 1031 1748 omnino
1054 1686 1219 1748 hominum
1244 1686 1346 1762 liceat,
1377 1687 1537 1768 prefatam
1562 1688 1735 1751 ecclesiam
1761 1739 1766 1751 .
1792 1737 1829 1750 ..

156 1773 268 1834 usibus
302 1776 503 1836 omnimodis
527 1776 704 1856 profutura,
736 1775 826 1837 salva
855 1776 886 1837 in
917 1774 1066 1837 omnibus
1097 1777 1279 1861 apostolice
1310 1778 1395 1839 sedis
1426 1779 1619 1839 auctoritate
1651 1788 1685 1839 et
1708 1778 1830 1840 Lucani

156 1863 307 1943 episcopi
326 1865 484 1926 canonica
499 1867 688 1927 reverentia.
736 1864 770 1928 Si
795 1883 859 1943 qua
883 1866 980 1945 igitur
1005 1912 1059 1926 ...
1084 1865 1215 1928 Cunctis
1239 1874 1347 1928 autem
1367 1868 1611 1928 ...inveniant
1650 1865 1770 1930 Amen.
1787 1903 1830 1913 —

155 1949 245 2012 A-m.
270 1986 317 1996 —
340 1951 461 2014 Amen.
486 1990 528 2000 -—

374 2042 428 2118 (R)
452 2041 525 2124 Ego
550 2043 744 2105 Anastasius
767 2040 928 2104 catholice
952 2041 1089 2104 ecclesie
1114 2044 1289 2124 episcopus
1312 2063 1352 2103 ss.
1376 2041 1438 2127 (M)

373 2129 393 2211 †
416 2130 489 2212 Ego
513 2130 611 2212 Hugo
636 2130 819 2194 Hostiensis
843 2133 1019 2212 episcopus
1042 2152 1083 2193 ss.
1108 2138 1155 2210 (3)

372 2255 416 2266 —
438 2220 458 2301 †
481 2222 555 2302 Ego
580 2218 855 2301 GG.(Gregorius)
880 2220 1042 2301 presbiter
1065 2221 1234 2283 cardinalis
1258 2223 1305 2281 tit.
1330 2219 1447 2282 Calixti
1470 2240 1511 2281 ss.

373 2308 393 2387 †
416 2307 489 2390 Ego
514 2307 649 2392 Guium)
673 2311 834 2391 presbiter
857 2308 1027 2371 cardinalis
1051 2313 1098 2371 tit.
1123 2311 1224 2372 sancti
1249 2307 1423 2388 Grisogoni
1446 2329 1488 2371 ss.

373 2397 393 2476 †
417 2397 489 2479 Ego
513 2397 685 2461 Hubaldus
708 2399 871 2481 presbiter
893 2399 1065 2461 cardinalis
1088 2401 1135 2460 tit.
1161 2408 1272 2460 sancte
1298 2397 1451 2459 Praxedis
1475 2418 1515 2459 ss.

372 2486 393 2566 †
416 2486 488 2568 Ego
514 2488 703 2550 Mansredus
728 2488 889 2570 presbiter
911 2488 1081 2550 cardinalis
1105 2491 1152 2550 tit.
1176 2496 1287 2569 sancte
1311 2487 1428 2568 Savine
1452 2507 1493 2548 ss.

373 2611 416 2620 —
439 2575 459 2657 †
482 2577 554 2658 Ego
579 2575 681 2639 Oddo
711 2578 869 2639 diaconus
900 2577 1071 2639 cardinalis
1101 2579 1202 2639 sancti
1227 2576 1357 2656 Georgii
1390 2577 1431 2638 ad
1455 2575 1575 2638 Velum
1600 2571 1608 2660 l
1632 2597 1764 2639 aureum
1788 2597 1829 2640 sS.

373 2664 393 2746 †
416 2663 489 2746 Ego
513 2651 651 2729 iacintus
674 2667 830 2729 diaconus
854 2665 1027 2728 cardinalis
1050 2676 1162 2728 sancte
1187 2668 1290 2729 Marie
1315 2667 1347 2727 in
1371 2664 1564 2744 Cosmydyn
1588 2685 1630 2727 ss.

372 2755 394 2833 ’ν
416 2756 489 2836 Ego
512 2754 677 2818 Gerardus
700 2756 859 2818 diaconus
881 2754 1050 2816 cardinalis
1072 2764 1184 2838 sancte
1209 2757 1311 2817 Marie
1334 2756 1366 2816 in
1390 2755 1451 2816 Via
1474 2756 1540 2817 lata
1563 2774 1604 2816 ss

371 2845 392 2922 †
415 2843 488 2926 Ego
513 2841 591 2907 Odo
614 2846 770 2907 diaconus
794 2843 967 2907 cardinalis
990 2847 1092 2906 sancti
1117 2843 1265 2907 Nicholai
1290 2847 1321 2905 in
1345 2864 1473 2906 carcere
1498 2842 1648 2905 Tulliano
1672 2862 1713 2905 ss
1738 2839 1784 2925 (1)

316 2930 393 2994 Dat
409 2933 568 3009 Laterani,
591 2954 650 3014 per
674 2955 805 2996 manum
820 2934 968 3007 Rolandi,
993 2943 1103 3017 sancte
1126 2934 1273 3017 Romane
1297 2933 1434 3016 ecclesie
1459 2933 1631 3015 presbiteri
1656 2931 1829 2995 cardinalis

152 3026 186 3080 et
218 3019 413 3083 cancellarii.
458 3020 545 3084 Non.
577 3021 696 3086 Octub.
749 3023 930 3085 indictione
963 3024 1076 3103 prima.
1129 3022 1362 3085 incarnationis
1393 3024 1557 3106 dominice
1589 3041 1676 3083 anno
1708 3032 1829 3084 MCL111.

154 3107 371 3172 Pontificatus
393 3131 471 3174 vero
495 3112 608 3174 domni
631 3112 825 3176 ANASTASII
848 3113 924 3173 mni
948 3111 1007 3173 ΡΡ.
1032 3133 1118 3173 anno
1143 3114 1258 3193 prim0.
1282 3147 1326 3156 —

321 3225 366 3274 Or.
384 3226 440 3273 und
454 3241 538 3274 neum
555 3225 631 3288 Kopie
650 3226 687 3286 (S.
710 3225 832 3274 Giovanni
849 3227 863 3272 7
881 3225 932 3272 Oct.
953 3225 1036 3290 1153),
1055 3225 1088 3272 im
1106 3226 1219 3273 Archivio
1237 3226 1393 3273 distarem
1412 3225 1493 3272 Lucra

321 3297 390 3362 Perg.
408 3298 469 3356 itae,
487 3299 522 3345 br.
537 3297 607 3357 0,.54,
624 3298 685 3362 lang
701 3313 720 3344 c.
735 3300 803 3356 0,64,
824 3304 896 3344 unlen
915 3311 934 3343 c.
948 3297 1027 3355 0,οὥ
1045 3298 1233 3361 eungeseltlagen,
1253 3297 1329 3344 clecrclr
1349 3301 1363 3346 2
1384 3296 1476 3344 [ϋνῇεν
1489 3296 1551 3360 ging
1568 3295 1604 3342 die
1622 3294 1726 3352 Sclmur,
1746 3294 1832 3343 welche

157 3365 200 3413 nrz’t
217 3367 271 3415 dem
292 3367 416 3434 Bleisiegel
429 3370 545 3427 verloren,
566 3369 672 3433 Fodung
689 3369 733 3417 der
750 3370 847 3418 Bullen.
884 3367 1013 3430 Kmscript
1030 3368 1085 3416 sehr
1101 3369 1172 3416 schin
1187 3369 1342 3433 geschrr'eben.
1380 3368 1515 3431 li’ingkreur
1531 3367 1587 3413 arrd
1605 3365 1768 3430 Untersclrrist
1784 3382 1832 3414 vore

155 3439 260 3502 gleicier
280 3455 375 3503 grauer
400 3440 475 3488 Dinte
501 3441 556 3487 und
578 3440 696 3489 schwerer
719 3440 804 3498 Hand,
832 3439 869 3486 die
895 3438 1032 3503 Umschn'st
1054 3440 1080 3486 in
1108 3439 1162 3488 sehr
1187 3439 1309 3488 zr'crliclren
1328 3440 1477 3487 Buchslaben
1504 3436 1659 3503 ausgefie'hrt,
1688 3437 1754 3485 wohl
1777 3453 1831 3485 vern

160 3509 419 3573 chnptschreibem
435 3527 483 3559 von
501 3511 550 3560 iam
569 3512 643 3559 rethre
659 3512 721 3559 aeccle
740 3513 777 3560 die
794 3511 923 3574 Datimng
937 3510 986 3569 her,
1006 3511 1043 3558 die
1060 3511 1116 3558 aber
1132 3512 1248 3559 vielleicht
1265 3511 1309 3558 mit
1326 3511 1455 3559 ‹uttrklerer
1472 3511 1548 3557 Dinte
1566 3510 1722 3573 (inpingere,
1747 3510 1791 3557 das
1809 3511 1832 3557 R

160 3582 267 3628 Rolande
284 3583 344 3647 αἰξί
359 3583 522 3631 obueickende
536 3599 621 3648 graue,
638 3583 675 3632 die
692 3583 736 3631 der
752 3582 928 3645 Umerschmst,·
946 3582 991 3629 mit
1007 3581 1048 3630 νἸιν
1064 3583 1122 3630 sind
1137 3583 1199 3630 atech
1217 3583 1254 3631 die
1271 3582 1364 3630 meisten
1384 3583 1477 3647 Zeugen
1492 3581 1647 3645 geschrieben,
1666 3579 1771 3628 Hubold
1785 3596 1832 3628 von

161 3652 201 3699 der
218 3653 294 3701 Drirte
318 3655 375 3702 und
389 3653 470 3703 Hand
491 3654 533 3703 des
550 3655 698 3718 Konscrrpts.
736 3655 784 3703 Die
804 3651 1007 3718 Presbyterkreuze
1028 3653 1106 3702 slehen
1131 3654 1196 3702 dicht
1218 3672 1251 3702 an
1275 3655 1317 3702 der
1338 3654 1419 3702 linken
1437 3654 1525 3711 Konta,
1555 3652 1592 3699 die
1610 3653 1666 3714 Ego
1690 3668 1773 3700 messer
1789 3653 1834 3700 das

163 3722 271 3772 Hubalds
286 3725 374 3791 fulgen
396 3727 551 3775 unmr'ttelbar
574 3726 690 3786 duneben,
718 3743 743 3774 so
766 3727 822 3774 dass
845 3725 883 3774 ein
906 3740 1001 3788 grosser
1022 3725 1047 3773 T
1043 3725 1093 3773 luil
1110 3726 1153 3773 der
1170 3726 1306 3790 Sr'gnirung
1320 3725 1383 3773 linus
1405 3741 1451 3773 uon
1477 3725 1519 3772 der
1536 3723 1669 3772 Seitmlim‘e
1687 3723 1757 3782 steht,
1789 3724 1834 3772 das

165 3795 216 3860 Ego
234 3796 348 3846 Hubalds
365 3797 426 3846 steht
443 3798 519 3847 reclus
535 3814 582 3847 von
601 3799 681 3850 dieser.

906 4134 972 4208 Nr.
1004 4137 1089 4209 116.

168 4262 354 4329 Anastasius
370 4263 429 4329 IV
448 4265 566 4329 m'mmt
586 4266 648 4331 das
665 4264 795 4329 Kloster
816 4264 884 4329 San
900 4265 1068 4330 Salvatore
1088 4267 1144 4329 del
1158 4261 1372 4329 Montamiata
1396 4265 1430 4327 in
1452 4259 1682 4348 apostolisclzen
1706 4258 1831 4340 Schutz,

168 4353 310 4437 bestatgt
331 4356 418 4418 scine
437 4353 538 4418 Gie'ter
555 4355 632 4418 und
644 4355 762 4419 Reclte
776 4356 846 4418 und
857 4355 996 4418 nerleilzt
1013 4357 1086 4419 dem
1102 4355 1182 4418 Abte
1201 4355 1256 4417 die
1278 4353 1500 4436 bisclcdfliclten
1514 4352 1698 4429 Abseiclzen,
1721 4351 1833 4431 wofrir

507 4444 658 4528 Jitlzrliclz
673 4441 758 4508 awet'
769 4444 950 4526 Byzanzier
962 4466 1005 4508 an
1020 4446 1075 4508 die
1091 4443 1194 4507 Kurie
1208 4465 1248 4507 zu
1263 4443 1377 4506 zallen
1391 4443 1475 4506 sind.

747 4581 831 4641 1153
854 4576 983 4642 October
995 4580 1050 4640 23.
1097 4578 1245 4640 Lateran.

321 4710 513 4774 Anastasius
527 4712 710 4862 episcopus
721 4709 856 4796 (servus)
869 4733 1035 4774 servorum
1046 4711 1107 4784 dei,
1118 4712 1246 4773 dilectis
1260 4710 1332 4772 filiis
1341 4711 1502 4783 Raineri0,
1516 4708 1628 4771 abbati
1638 4705 1831 4769 venerabilis

166 4802 349 4863 monasterii
373 4801 474 4862 sancti
497 4798 540 4863 Sa

165 4888 280 4963 luturiS,
312 4889 493 4971 regularem
517 4892 618 4952 vitam
643 4891 803 4971 professis,
837 4892 868 4951 in
894 4898 1097 4972 perpetuum.
1145 4887 1237 4952 Sicut
1261 4891 1404 4951 omnium
1430 4887 1638 4950 ecclesiarum
1663 4896 1712 4947 est
1736 4885 1831 4947 nobis

164 4981 266 5041 adeo
291 4998 370 5040 eura
394 4987 427 5040 et
449 4977 634 5041 sollicitudo
664 4980 843 5052 commissa,
876 4980 920 5041 ita
944 4999 1004 5060 pro
1029 4978 1181 5040 omnibus
1204 4977 1331 5040 solliciti
1356 4996 1426 5038 esse
1450 4975 1682 5056 compellimur,
1713 4982 1746 5034 et
1771 4993 1830 5054 pro

164 5067 218 5129 illis
242 5068 409 5150 precipue,
441 5087 505 5146 que
535 5069 577 5131 ad
608 5068 656 5129 ius
680 5069 767 5130 beati
792 5068 877 5130 Petri
910 5069 1043 5150 proprie
1076 5069 1237 5147 pertinere
1265 5076 1449 5128 noscuntur.
1496 5064 1688 5146 Eapropter,
1721 5062 1831 5124 dilecti

163 5158 190 5217 in
213 5157 353 5219 domino
377 5155 443 5230 filii,
475 5159 589 5218 vestris
620 5158 710 5219 iustis
735 5157 944 5238 petitionibus
968 5157 1145 5219 clementer
1176 5157 1353 5229 annuimus,
1385 5163 1417 5216 et
1448 5154 1688 5235 predecessoris
1721 5152 1831 5225 nostri,

163 5243 245 5307 bone
277 5248 438 5308 memorie
468 5245 620 5308 Celestini
652 5266 738 5327 pape
757 5247 788 5325 ¹),
820 5247 961 5326 vestigiis
992 5245 1190 5319 inherentes
1224 5245 1385 5325 prelatum
1418 5244 1669 5315 monasterium,
1699 5242 1730 5302 in
1764 5259 1831 5319 quo

162 5334 269 5397 divino
300 5337 475 5416 mancipati
507 5336 584 5397 estis
617 5334 785 5416 obsequi0,
816 5335 876 5396 sub
905 5333 991 5397 beati
1019 5334 1105 5396 Petri
1137 5343 1169 5395 et
1201 5342 1310 5396 nostra
1342 5333 1546 5414 protectione
1576 5331 1769 5412 suscipimus
1799 5337 1831 5391 et

162 5425 320 5503 presentis
342 5425 456 5506 scripti
479 5424 650 5505 privilegio
674 5425 921 5486 communimus.
966 5420 1163 5498 Statuentes,
1193 5432 1227 5484 ut
1250 5441 1473 5503 quascumque
1496 5421 1729 5503 possessiones,
1754 5437 1832 5498 que·

319 5622 346 5679 a)
371 5616 485 5666 domore.
502 5655 554 5663 -..
573 5619 609 5683 .ι)
632 5615 692 5667 Urk.
711 5632 765 5666 vom
784 5619 818 5666 23
837 5616 945 5666 &bacar
967 5620 1040 5666 1144.

210 5726 231 5753 v.
245 5715 541 5763 arraei-nunnae,
558 5714 614 5755 aaa
627 5715 670 5754 ιιι.
1593 5694 1624 5743 ¹⁶

555 4802 673 4863 vatoris
698 4803 740 4863 de
763 4802 876 4864 Monte
899 4801 1044 4874 Amiato,
1069 4803 1202 4879 eiusque
1226 4800 1385 4873 fratribus
1410 4808 1476 4860 tam
1505 4797 1709 4880 presentibus
1732 4815 1830 4875 quam
1926 4809 1929 4812 ⁴
