3974 6188
1768 267 1826 334 125

153 446 392 507 monasterium
430 444 610 516 volueritiS,
660 444 786 522 absque
816 446 948 507 alicuius
980 445 1254 518 contradictione,
1286 445 1317 505 id
1343 439 1460 528 [ipsum
1492 439 1640 527 facienldi
1672 439 1830 528 habea[tis

153 533 288 614 plenam
309 530 350 619 el]
376 533 571 596 facultatem.
610 532 665 593 Ad
690 532 751 617 hec
775 534 950 596 adicientes
973 534 1152 607 statuimus,
1182 542 1216 595 ut
1238 534 1269 595 in
1294 533 1392 614 plebe
1415 536 1516 595 sancti
1541 530 1718 594 Salvatoris
1742 534 1829 594 etin

153 622 254 703 plebe
277 624 380 685 sancti
402 622 575 702 Iohlannis
606 619 674 708 seu]
700 625 797 685 etiam
822 625 853 684 in
878 623 950 684 aliis
975 623 1133 695 ecclesiis,
1163 631 1273 684 vestro
1306 624 1503 685 monasterio
1528 622 1771 703 pertinentibus,
1802 624 1829 684 si

153 712 188 772 id
220 715 398 774 necessitas
436 714 599 792 exegerit,
637 712 818 792 baptismus
850 713 970 774 debeat
1000 712 1185 793 celeblrari,
1224 707 1515 793 quemaldmodum
1558 712 1828 791 predecessorum

155 809 345 863 nostrorum
369 800 521 862 Iohannis
552 801 784 879 quintidecimi,
815 800 965 862 Iohannis
989 802 1203 873 tertiidecimi,
1231 800 1401 861 Benedicti
1421 800 1459 875 b),
1489 796 1659 884 Stephani]
1690 801 1829 879 septimi.

155 887 273 971 Sergii,
305 890 441 951 Adriani
462 893 485 966 ¹)
510 899 543 951 et
566 890 700 951 aliorum
727 889 949 952 Romanorum
975 888 1165 970 pontificum
1190 884 1435 974 sanctionlibub
1466 891 1609 951 noscitur
1640 891 1829 951 institutum.

156 978 375 1041 Decernimus
400 999 487 1060 erg0‚
514 988 547 1039 ut
571 979 648 1039 nulli
673 981 805 1040 omnino
829 977 998 1040 hominum
1017 979 1130 1052 fassit,
1154 986 1296 1040 vestrum
1314 974 1568 1062 monaslter}ium
1594 1026 1600 1038 .
1625 1026 1631 1037 .
1657 1027 1662 1039 .
1688 1027 1694 1039 .
1719 978 1829 1039 usibus

156 1063 350 1151 [profutura.
389 1065 423 1129 Si
441 1071 514 1148 quis
530 1063 651 1151 auternl¹
675 1114 682 1127 .
707 1115 713 1128 .
737 1113 744 1128 .
769 1067 901 1130 Cunctis
917 1077 1027 1129 autem
1052 1117 1058 1129 .
1084 1116 1090 1128 .
1115 1115 1121 1128 .
1147 1117 1152 1129 .
1176 1068 1350 1129 inveniant.
1389 1067 1508 1129 Arnen.
1533 1067 1624 1129 A·m.
1649 1065 1768 1128 Arnen.
1788 1103 1827 1111 —-

373 1154 429 1236 (Rl
455 1157 527 1238 Ego
551 1157 741 1219 Anastasius
765 1156 925 1241 catholice
950 1152 1109 1241 [ecclesie]
1134 1157 1308 1238 episcopus
1331 1177 1372 1217 ss,
1395 1155 1457 1240 (M)

370 1243 393 1337 j
417 1247 489 1327 Ego
514 1245 613 1327 Hugo
636 1245 821 1307 Hostiensis
845 1249 1020 1328 episcopus
1045 1267 1085 1307 ss.
1110 1248 1180 1321 (ΙΙ)

374 1370 413 1380 -
439 1332 459 1416 †
483 1336 556 1415 Ego
580 1333 689 1396 Guido
714 1336 874 1415 presbiter
897 1335 1068 1398 cardinalis
1090 1336 1136 1396 tit
1160 1331 1273 1418 [sancti
1298 1332 1471 1413 Grisogoni
1494 1328 1549 1418 ss]

372 1421 392 1504 †
416 1423 489 1504 Ego
514 1423 686 1485 Hubaldus
710 1425 872 1504 presbiter
895 1423 1066 1487 cardinalis
1090 1425 1136 1484 tit.
1161 1431 1272 1485 sancte
1295 1424 1451 1484 Praxedis
1477 1419 1542 1506 [ss]

372 1510 393 1592 †
416 1512 489 1593 Ego
514 1513 703 1575 Manfredus
727 1514 886 1594 presbiter
908 1513 1076 1576 cardinalis
1099 1515 1147 1574 tit.
1170 1520 1281 1595 sancte
1304 1509 1422 1590 Savine
1445 1507 1509 1596 [ss]

372 1598 392 1682 †
416 1602 489 1682 Ego
512 1600 686 1663 Aribertus
711 1603 873 1682 presbiter
896 1603 1065 1665 cardinalis
1089 1605 1136 1663 tit.
1160 1611 1271 1663 sancte
1294 1597 1481 1684 Alnastasie
1504 1597 1557 1684 ss]

372 1687 392 1770 †
416 1690 489 1772 Ego
513 1690 609 1752 Iulius
633 1691 796 1773 presbiter
819 1691 987 1754 cardinalis
1010 1693 1056 1754 tit.
1080 1693 1184 1752 sancti
1209 1690 1354 1753 Marcelli
1379 1685 1445 1773 [ss]

373 1776 393 1848 †
417 1781 489 1860 Ego
514 1778 621 1841 Guido
645 1780 806 1860 presbiter
829 1781 1001 1843 cardinalis
1025 1782 1070 1842 tit.
1096 1780 1239 1842 Pastoris
1262 1799 1303 1841 ss.

372 1865 392 1944 †
416 1867 489 1949 Ego
515 1866 713 1930 Octavianus
738 1870 897 1950 presbiter
920 1869 1088 1932 cardinalis
1112 1870 1158 1931 tit.
1182 1877 1294 1930 sancte
1319 1865 1438 1928 Cecilie
1462 1887 1502 1927 ss.
1529 1869 1575 1943 (1)

372 1953 393 2037 †
417 1956 489 2037 Ego
513 1957 673 2019 Iohannes
689 1959 816 2039 Paparo
840 1960 1002 2041 presbiter
1018 1959 1187 2020 cardinalis
1204 1957 1306 2018 sancti
1321 1955 1485 2017 Laurentii
1510 1958 1541 2017 in
1559 1955 1706 2017 Damaso
1723 1977 1764 2018 ss.
1782 1957 1828 2036 (Ι)

372 2042 392 2126 †
415 2048 489 2127 Ego
513 2045 648 2108 Cencius
672 2047 832 2128 presbiter
855 2047 1027 2110 cardinalis
1050 2049 1152 2109 sancti
1176 2046 1340 2108 Laurentii
1363 2042 1404 2125 lin
1429 2041 1563 2126 Lucinal
1587 2064 1628 2105 ss.

373 2132 392 2215 †
416 2137 489 2215 Ego
513 2133 673 2197 Henricus
698 2136 858 2216 presbiter
881 2137 1052 2198 cardinalis
1076 2139 1123 2198 tit.
1147 2144 1331 2197 sanctorum
1355 2132 1454 2195 Nerei
1478 2141 1511 2194 et
1534 2132 1674 2194 Achillei
1698 2153 1738 2193 ss.

371 2258 415 2269 -
439 2221 458 2304 †
483 2225 555 2305 Ego
581 2222 682 2286 Oddo
712 2224 868 2287 diaconus
892 2227 1062 2287 cardinalis
1087 2225 1187 2286 sancti
1212 2223 1345 2305 Georgii
1375 2224 1416 2283 ad
1440 2221 1558 2283 Velum
1588 2221 1591 2307 j
1622 2243 1756 2284 aureum
1787 2245 1827 2285 ss.

372 2310 392 2391 ’γ
416 2311 489 2393 Ego
513 2311 620 2375 Guido
645 2316 802 2375 diaconus
827 2315 996 2376 cardinalis
1020 2323 1132 2376 sancte
1157 2313 1258 2375 Marie
1282 2314 1310 2374 in
1336 2311 1466 2374 Porticu
1489 2331 1530 2373 ss.

368 2400 389 2480 †
412 2400 484 2483 Ego
509 2402 650 2465 iacintus
674 2404 829 2464 diaconus
853 2404 1022 2465 cardinalis
1047 2411 1159 2464 sancte
1183 2404 1286 2465 Marie
1310 2404 1341 2463 in
1366 2400 1558 2479 Cosmydyn
1581 2420 1621 2460 ss

369 2489 389 2568 †
412 2490 484 2571 Ego
508 2489 672 2553 Gerardus
697 2493 854 2553 diaconus
878 2493 1049 2555 cardinalis
1073 2500 1184 2574 sancte
1209 2490 1310 2573 Marie
1335 2492 1367 2552 in
1389 2489 1451 2551 Via
1475 2491 1539 2551 lata
1562 2509 1603 2550 ss.
1626 2485 1673 2571 (9)

317 2574 392 2638 Dat.
424 2579 529 2641 Rome
560 2582 648 2660 apud
680 2589 826 2642 sanctam
860 2581 997 2644 Mariam
1027 2582 1233 2654 Rotundam,
1266 2599 1324 2661 per
1356 2599 1487 2640 manum
1511 2572 1685 2661 Rlolandi,]
1716 2582 1827 2636 sancte

155 2661 305 2748 Romane
339 2666 474 2751 ecclesie
505 2669 678 2749 presbiteri
709 2670 878 2731 cardinalis
911 2679 944 2732 et
975 2670 1168 2732 cancellarii.
1222 2684 1246 2731 11
1278 2667 1330 2729 Kl.
1359 2666 1565 2729 Novembris.
1619 2661 1827 2748 indicitionle

153 2753 310 2814 secunda.
349 2755 581 2819 incarnationis
603 2759 767 2821 dominice
784 2779 870 2821 anno
888 2772 1007 2822 MCLm.
1047 2757 1256 2821 Pontificatus
1272 2777 1350 2819 vero
1366 2757 1478 2818 domni
1495 2757 1687 2818 ANASTASH
1704 2775 1759 2836 pp.
1775 2767 1826 2816 1111

153 2861 239 2903 anno
263 2863 381 2923 prrm0.
410 2881 447 2890 —

319 2957 361 3005 Oe.
383 2958 504 3024 (Pergam.
526 2960 598 3024 Bigbi
614 2960 633 3008 I
636 2966 653 3023 se,
672 2961 796 3025 Abscbn‘sl
813 2962 852 3010 des
873 2962 950 3010 Cotol.
969 2962 1170 3028 Regii-Bergine
1183 2969 1210 3026 p.
1231 2961 1305 3020 mh,
1325 2962 1357 3008 im
1376 2959 1489 3008 elrelrivio
1507 2960 1534 3007 di
1550 2959 1623 3017 Sloto,
1642 2958 1698 3006 uno
1711 2957 1767 3005 Cod.
1786 2956 1827 3005 VI.

153 3027 183 3074 B.
207 3030 242 3076 10
254 3035 283 3091 p.
303 3029 360 3087 25¹1,
380 3030 422 3078 dee
440 3032 503 3081 Bibl.
524 3032 639 3081 Pubble'co
657 3048 686 3079 su
704 3033 783 3080 Siereo.

318 3100 386 3165 I'eeg.
406 3102 461 3150 sebe
477 3103 616 3168 besebbdegl,
641 3105 692 3152 itae.
711 3105 746 3151 be.
766 3106 850 3163 O‚555,
876 3106 936 3169 long
953 3107 1021 3164 offe,
1048 3105 1092 3152 dos
1113 3103 1310 3169 Urngeseblagene
1328 3102 1506 3167 obgerelueitlen,
1531 3101 1608 3149 deeeeb
1627 3103 1642 3148 9
1662 3099 1754 3148 Lbeber
1767 3100 1829 3164 ging

152 3170 190 3217 die
207 3169 314 3230 Seberue,
334 3172 419 3221 welche
443 3174 488 3221 mi!
511 3176 563 3222 dem
582 3174 707 3239 Blee'siegel
728 3177 852 3235 verloreee,
881 3177 988 3241 Foe'tuug
1013 3177 1056 3224 dee
1072 3178 1169 3225 bullen.
1207 3177 1262 3224 Dos
1280 3177 1414 3238 li'iergkreue
1438 3174 1497 3223 steht
1514 3177 1564 3237 auf
1583 3175 1648 3220 einer
1668 3170 1827 3235 bescbbde'gleu

152 3241 232 3299 Stelle,
258 3242 296 3290 die
317 3241 479 3309 Untersrbrr'st
501 3247 560 3310 zer'gt
583 3245 696 3295 deereklere
713 3247 789 3294 Dinte
806 3248 843 3293 als
861 3248 904 3295 dos
922 3248 1057 3310 libnscrrpt,
1082 3248 1186 3295 eiemlieb
1204 3247 1280 3295 sieber
1298 3248 1335 3294 die
1349 3246 1445 3310 gleirbe,
1471 3247 1515 3292 enit
1532 3246 1575 3292 der
1592 3244 1628 3292 die
1646 3242 1773 3306 Dotirung
1787 3258 1828 3306 ge·

151 3313 280 3361 sebn'eben.
318 3315 373 3362 Dos
390 3316 413 3364 R
431 3317 540 3364 l’olands
563 3317 615 3364 lu'er
637 3319 682 3365 mit
694 3317 893 3381 gebaltreieberer
909 3320 984 3367 Dinte
1005 3320 1162 3384 eieegetrogeu.
1198 3321 1251 3366 Allo
1269 3318 1447 3384 Zeugmfiemen
1471 3332 1555 3364 oussee
1576 3317 1619 3363 der
1636 3316 1675 3362 des
1695 3314 1829 3378 Presbyters

152 3383 353 3504 [anrichHuetree
374 3387 414 3436 des
440 3389 567 3437 Dialeonere
598 3389 677 3437 Guido
703 3389 747 3437 mit
769 3390 928 3454 gelbbeoreeeer
951 3391 1027 3439 Dr'ute
1053 3392 1214 3455 gerebeieben,
1248 3390 1356 3456 offenbor
1381 3404 1435 3437 trem
1458 3404 1555 3454 grosso:
1587 3386 1665 3436 Tbeile
1691 3387 1753 3434 arech
1781 3401 1828 3436 von

148 3474 168 3520 g
198 3471 255 3503 rer
299 3473 315 3503 a
351 3495 357 3506 .

900 3744 966 3818 ΝΥ.
996 3750 1081 3822 119.

153 3870 350 3935 Aerostosius
366 3872 390 3934 J
395 3871 427 3935 V
442 3873 591 3957 besteitigt
611 3873 684 3938 dem
702 3873 1038 4027 Konone'keekenoenle
1060 3899 1120 3942 oon
1143 3880 1250 3942 Leecca
1273 3881 1359 3943 see'ne
1377 3878 1601 3943 Geeecletsame
1623 3876 1692 3940 und
1706 3876 1826 3939 Bese'ta·

897 3968 1029 4030 trebmer
1048 3969 1087 4050 ²).

713 4100 798 4160 1153
822 4098 1002 4162 November
1022 4103 1077 4164 26.
1125 4102 1273 4165 Lateran.

316 4228 509 4294 Anastasius
533 4233 718 4313 episcopus,
750 4252 860 4295 servus
884 4253 1051 4296 servorum
1076 4236 1139 4310 dei,
1169 4236 1297 4299 dilectis
1321 4236 1391 4298 filiis
1413 4238 1518 4310 Petro,
1550 4231 1825 4315 archipresbitero

153 4316 288 4403 Lucane
312 4320 456 4405 ecclesie,
480 4323 616 4402 eiusque
637 4320 796 4395 fratribus,
820 4329 887 4383 tam
912 4324 1117 4403 presentibus
1140 4343 1237 4403 quarn
1262 4326 1384 4400 suturis,
1408 4325 1562 4388 canonice
1585 4319 1825 4391 substituendis,

153 4419 192 4468 IN
208 4420 287 4470 PPM.
305 4443 349 4453 -
369 4405 374 4491 l
395 4406 556 4490 Quotiens
579 4408 656 4472 illud
680 4430 698 4471 a
715 4412 811 4473 nobis
828 4413 956 4491 petitur,
984 4414 1073 4493 quod
1094 4415 1207 4476 rationi
1224 4423 1256 4475 et
1272 4412 1434 4478 honestati
1449 4414 1622 4477 convenire
1638 4411 1826 4480 dinoscitur,

153 4498 266 4558 animo
291 4517 352 4559 nos
375 4499 472 4560 decet
487 4498 599 4561 libenti
616 4500 799 4561 concedere
822 4508 855 4562 et
875 4503 1052 4581 petentium
1076 4503 1244 4565 desideriis
1261 4524 1441 4584 congruum
1456 4503 1612 4585 impertiri
1630 4498 1826 4580 suffragium.

154 4584 351 4666 Eapropter,
377 4585 512 4668 ldilecti
544 4590 575 4649 in
607 4588 742 4649 domino
773 4587 839 4663 filii,
869 4592 984 4652 vestris
1016 4592 1106 4652 iustis
1138 4592 1348 4672 petitionibus
1379 4594 1554 4656 clementer
1585 4590 1763 4663 annuimus
1794 4596 1827 4649 et

153 4674 426 4754 predecessorum
443 4684 636 4749 nostrorum,
655 4677 751 4738 felicis
770 4679 924 4762 memorie
941 4677 1114 4757 GELAS11³l
1132 4689 1165 4742 et
1177 4681 1370 4759 EUGEN11⁴),
1386 4683 1607 4744 Romanorum
1625 4676 1825 4758 pontificum,

153 4763 298 4844 vestigiis
331 4763 531 4838 inherenteS‚
563 4765 711 4844 antiquas
742 4767 877 4850 ecclesie
911 4769 1052 4830 matricis
1084 4777 1183 4848 atque
1214 4771 1423 4834 rationabiles
1454 4768 1703 4832 consuetudines
1733 4765 1826 4827 vobis

153 4855 339 4931 vestrisque
369 4855 613 4916 successoribus
645 4853 888 4929 confirmamus,
921 4866 956 4918 ut
978 4857 1128 4920 videlicet
1159 4860 1329 4922 unctiones
1362 4859 1560 4922 intirmorum
1592 4876 1631 4919 ac
1660 4854 1825 4937 sepulture

153 4941 294 5004 civitatis
312 4946 452 5024 proprie,
477 4943 519 5005 ad
535 4944 673 5005 eandem
691 4944 861 5006 ecclesiam
879 4948 1090 5026 pertinentes,
1114 4956 1146 5008 et
1163 4948 1306 5010 officium
1324 4958 1423 5030 atque
1439 4948 1645 5029 participatio
1662 4943 1826 5006 beneficiis

154 5029 314 5103 funerum,
338 5034 379 5092 ad
404 5032 481 5094 alias
506 5031 659 5094 ecclesias
686 5034 922 5113 pertinentium,
945 5035 1039 5096 vobis
1064 5035 1150 5098 nulla
1173 5036 1363 5100 clericorum
1388 5037 1564 5099 calliditate
1587 5041 1643 5097 aut
1671 5033 1825 5094 laicorum

154 5119 379 5198 quorumlibet
419 5123 480 5203 ipsi
519 5121 655 5204 ecclesie
689 5120 927 5184 subtrahantur.
988 5123 1172 5186 Electiones
1204 5135 1312 5188 autern
1353 5130 1496 5208 priorum
1528 5134 1561 5188 et
1595 5122 1826 5185 collocationes

154 5207 348 5271 clericorum
372 5210 402 5271 in
427 5210 535 5291 aliqua
558 5210 694 5273 ecclesia
717 5211 796 5273 infra
821 5211 936 5274 urbem
958 5212 1011 5274 vel
1035 5222 1128 5276 extra
1151 5216 1183 5276 in
1206 5215 1369 5278 suburbiis
1402 5218 1472 5278 sine
1496 5233 1655 5277 consensu
1679 5211 1827 5293 episcopi

154 5306 188 5359 et
211 5300 369 5380 priorum,
393 5300 447 5380 qui
470 5300 646 5381 locopositi
669 5301 885 5375 nominantur,
909 5303 1049 5364 matricis
1072 5303 1209 5386 ecclesie
1226 5325 1291 5366 non
1312 5304 1399 5381 fiant,
1424 5324 1485 5367 nec
1500 5306 1657 5367 laicorum
1673 5299 1826 5363 violentia

316 5485 342 5545 a)
362 5485 533 5533 omnimodam
563 5485 658 5551 Ugbelli
763 5486 788 5545 b)
807 5486 833 5534 in
858 5487 902 5535 der
927 5488 1048 5552 Absclerr'ft
1071 5487 1111 5536 des
1135 5489 1253 5554 Kolologs
1276 5491 1336 5539 stebt
1358 5491 1489 5540 Benedicti
1506 5502 1543 5539 lv.
1563 5527 1577 5533 ..
1590 5528 1614 5533 .-
1633 5498 1668 5548 ,1)
1696 5489 1751 5537 Aeo
1768 5488 1827 5536 diere

157 5554 295 5604 Urkunden
311 5556 370 5603 sind
384 5557 451 5604 nicht
466 5557 578 5606 crlrolten.
671 5560 696 5611 2)
724 5558 799 5622 Veegl.
818 5558 855 5606 die
876 5558 935 5608 Uet.
954 5575 1008 5607 vom
1031 5563 1061 5607 16
1080 5560 1212 5622 September
1230 5564 1297 5611 1150
1319 5564 1374 5611 und
1392 5566 1424 5611 16
1442 5563 1517 5627 April
1532 5567 1607 5614 1155.
1698 5563 1725 5624 3)
1747 5558 1826 5627 Joffe',

153 5627 212 5692 Reg.
232 5627 312 5676 4896.
384 5627 412 5695 4)
434 5628 494 5677 Urk.
512 5644 567 5677 vom
587 5631 620 5678 1⁶
638 5628 769 5693 September
789 5632 864 5678 1150.
