3982 6194
996 447 1063 524 Nr.
1096 451 1157 524 50.

244 578 384 646 colestia
400 579 446 648 II
460 582 610 666 besutigr
628 579 701 646 dem
725 581 877 667 Bisclros'e
891 581 994 735 Hatltp¹
1017 582 1223 752 alalonJPisthia
1245 581 1300 646 die
1322 580 1559 645 Besitztlric'mer
1579 577 1649 644 und
1670 578 1788 644 Reclate
1811 577 1917 643 saints

988 694 1021 736 oc
1044 682 1087 736 stt
1106 681 1153 735 tes
1201 722 1208 736 .

827 791 912 854 1144
928 788 1076 852 Februar
1090 790 1140 851 17.
1169 787 1323 851 Lateran.

400 922 581 989 Celestinus
611 926 796 1009 episcopus,
826 946 938 990 servus
967 943 1135 987 servorum
1166 923 1228 998 dei,
1259 924 1437 987 venerabili
1461 923 1550 986 fratri
1574 922 1702 998 Attoni,
1726 922 1914 986 Pistoriensi

240 1011 408 1094 episcop0,
433 1014 568 1096 eiusque
590 1017 831 1079 successoribus
854 1015 1014 1078 canonice
1044 1012 1279 1096 promovendis
1302 1025 1341 1074 IN
1356 1025 1433 1077 ΡΡΜ.
1458 1050 1501 1060 -
1522 1009 1527 1096 Ι
1546 1012 1752 1075 Pistoriensis
1767 1013 1914 1088 ecclesia,

239 1100 397 1183 largiente
420 1114 553 1167 auctore
576 1107 723 1168 omnium
746 1106 910 1169 bonorum
926 1104 1071 1179 domino,
1096 1104 1128 1165 in
1144 1103 1263 1165 Tuscie
1278 1103 1427 1184 partibus
1443 1125 1462 1166 a
1478 1102 1585 1184 longis
1607 1111 1693 1164 retro
1710 1102 1915 1184 temporibus

238 1189 333 1253 huius
361 1193 513 1273 specialis
544 1197 750 1278 prerogative
781 1215 898 1258 munus
929 1194 1087 1275 optinuit,
1123 1202 1159 1255 ut
1189 1193 1375 1273 sapientum
1404 1202 1438 1256 et
1468 1193 1682 1255 discretorum
1712 1201 1883 1272 pastorum
1909 1188 1914 1275 )

238 1281 396 1360 regimine
419 1282 617 1364 prefulgeret
640 1294 673 1347 et
695 1297 764 1348 tam
788 1286 820 1347 in
844 1282 1090 1364 temporalibus,
1115 1301 1214 1362 quam
1230 1282 1263 1343 in
1279 1282 1502 1363 spiritualibus
1517 1301 1577 1364 per
1592 1300 1705 1342 eorum
1721 1280 1915 1344 industriam

236 1379 366 1451 gratum
390 1370 453 1434 deo
476 1374 655 1455 susciperet
678 1375 922 1438 incrementum.
968 1372 1157 1436 Gaudemus
1180 1371 1334 1452 equidem
1358 1381 1391 1435 et
1414 1372 1527 1435 debita
1549 1370 1751 1434 iocunditate
1767 1370 1915 1447 letamur,

239 1459 395 1539 quoniam
424 1482 565 1543 superne
602 1463 827 1545 dispositionis
859 1463 1068 1545 providentia
1098 1471 1148 1536 te,
1179 1460 1373 1524 venerabilis
1414 1461 1527 1536 irater,
1559 1458 1665 1521 ΑΤΤΟ
1703 1461 1861 1541 episcope
1878 1459 1914 1538 ¹),

237 1549 419 1629 sapientem
448 1552 562 1632 utique
583 1553 688 1615 virum
720 1563 753 1616 et
783 1554 816 1616 in
846 1552 1004 1634 religione
1035 1550 1230 1632 probatum,
1262 1551 1409 1613 eiusdem
1438 1551 1500 1614 loci
1533 1559 1710 1632 pastorem,
1744 1549 1916 1612 constituit

238 1645 272 1700 et
294 1637 337 1699 ad
359 1639 610 1720 gubernandum
634 1652 667 1705 et
690 1642 914 1706 instruendum
939 1641 1087 1704 doctrine
1106 1639 1134 1718 ει)
1158 1648 1192 1701 et
1206 1640 1273 1702 vite
1289 1640 1443 1722 exemplo
1460 1639 1620 1722 populum
1635 1659 1730 1701 suum
1747 1639 1915 1702 miseratio

239 1725 349 1789 divina
379 1730 517 1793 vocavit.
573 1730 707 1811 Quanto
738 1733 835 1814 igitur
866 1751 1008 1814 persona
1038 1739 1095 1793 tua
1125 1728 1307 1811 religiosior
1338 1740 1396 1806 est,
1428 1731 1528 1792 etiam
1558 1728 1686 1811 prefata
1708 1728 1915 1792 Pistoriensis

238 1816 392 1893 ecclesia,
423 1820 474 1881 cui
505 1829 640 1883 auctore
672 1821 736 1885 deo
767 1822 930 1903 presides,
963 1821 1071 1883 extitit
1101 1820 1202 1884 beato
1233 1819 1329 1881 Petro
1360 1819 1526 1895 devotior,
1567 1828 1660 1881 tanto
1693 1839 1735 1881 ex
1767 1819 1914 1881 iniuncto

237 1906 444 1986 apostolatus
467 1908 579 1972 officio
618 1911 722 1991 magis
744 1921 839 1993 grata
862 1911 958 1974 nobis
983 1909 1142 1973 incumbit
1164 1909 1349 1984 necessitas,
1381 1919 1416 1971 ut
1438 1909 1703 1991 prenominatam
1731 1907 1913 1983 ecclesiam,

237 1993 297 2056 tibi
322 2016 340 2057 a
364 1996 428 2060 deo
452 2000 670 2075 commissam,
695 2001 888 2063 auctoritate
912 2000 1085 2081 apostolici
1109 1998 1269 2080 privilegii
1294 1999 1476 2061 muniamus
1500 1999 1585 2062 etei
1609 1999 1658 2061 ius
1678 2018 1772 2060 suum
1789 1997 1914 2060 illibate

237 2093 270 2146 et
293 2085 418 2166 integre
440 2107 680 2152 conservemus.
726 2089 783 2152 Ad
807 2090 977 2171 exemplar
1000 2089 1097 2171 igitur
1115 2088 1385 2170 predecessorum
1409 2097 1604 2163 nostrorum,
1629 2087 1731 2150 felicis
1756 2087 1914 2150 memorie

236 2173 420 2252 URBANll),
437 2177 603 2240 Pnsanls
613 2177 642 2256 ⁴)
659 2188 693 2242 et
707 2178 895 2243 INNocentii
912 2177 947 2256 ⁵),
963 2180 1189 2242 Romanorum
1203 2176 1406 2259 pontificum,
1423 2178 1565 2259 presenti
1582 2177 1714 2240 decreto
1730 2178 1912 2252 statuimus,

236 2272 272 2325 ut
299 2264 463 2342 universa,
497 2287 561 2352 que
593 2269 626 2330 in
657 2270 894 2350 presentiarum
923 2269 1041 2331 eadem
1072 2267 1210 2330 ecclesia
1242 2268 1325 2329 iuste
1356 2276 1389 2328 et
1420 2266 1564 2348 legitime
1595 2266 1759 2349 possidet,
1791 2276 1849 2328 aut
1880 2267 1913 2328 in

237 2352 379 2416 futurum
406 2358 619 2421 concessione
650 2358 861 2439 pontificum,
894 2357 1067 2440 largitione
1090 2376 1218 2438 regum,
1251 2355 1420 2419 oblatione
1453 2356 1597 2419 fidelium
1627 2377 1684 2419 seu
1718 2356 1789 2419 aliis
1822 2357 1914 2418 iustis

236 2442 353 2518 modis,
384 2455 553 2525 prestante
583 2447 728 2522 domin0,
763 2448 886 2529 poterit
918 2447 1066 2529 adipisci,
1097 2446 1191 2509 firma
1222 2445 1281 2508 tibi
1306 2446 1435 2527 tuisque
1458 2446 1700 2509 successoribus
1730 2455 1764 2509 et
1786 2445 1915 2508 illibata

236 2545 457 2613 permaneant
503 2535 684 2599 Statuimus
714 2537 823 2613 etiam,
855 2547 890 2599 ut
918 2536 1058 2599 diocesis
1082 2534 1286 2598 Pistoriensis
1317 2536 1536 2617 episcopatus,
1569 2537 1652 2598 sicut
1682 2537 1750 2598 eius
1783 2537 1913 2598 termini

235 2621 457 2702 predictorum
480 2626 749 2706 predecessorum
771 2636 958 2690 nostrorum
985 2625 1162 2708 privilegiis
1185 2625 1329 2687 distincti
1353 2635 1436 2699 sunt,
1460 2626 1507 2687 sic
1530 2626 1563 2686 in
1584 2626 1650 2687 iure
1667 2634 1700 2687 et
1716 2625 1913 2688 condicione

236 2710 440 2775 Pistoriensis
456 2715 604 2797 episcopi
620 2716 689 2778 sine
713 2715 848 2778 alicuius
864 2716 1016 2779 molestia
1034 2715 1086 2778 vel
1103 2714 1329 2796 inquietudine
1344 2724 1538 2795 perseveret.
1578 2715 1638 2776 Per
1655 2734 1737 2794 quos
1760 2715 1912 2776 nimirum

237 2801 394 2864 terminos
416 2804 598 2886 subscripte
622 2804 748 2886 capelle
772 2816 804 2868 et
828 2805 963 2868 ecclesie
986 2805 1163 2868 constitute
1193 2823 1265 2867 esse
1295 2813 1487 2866 noscuntur:
1527 2803 1655 2884 capella
1686 2803 1840 2865 videlicet
1871 2805 1913 2866 de

237 2888 402 2971 Capraria,
426 2893 553 2974 capella
575 2894 760 2975 Hospitalis
784 2894 825 2956 de
847 2895 994 2970 Rosaria‚
1019 2894 1115 2976 plebs
1139 2894 1180 2955 de
1205 2895 1323 2966 Massa,
1347 2893 1474 2974 capella
1498 2893 1539 2955 de
1562 2892 1691 2967 Vincio,
1720 2893 1847 2974 capella
1871 2895 1912 2957 de

236 2979 438 3058 Bucuniano,
470 2982 597 3064 capella
630 2984 671 3046 de
695 2982 838 3047 Castello
863 3004 960 3060 nov0,
991 2983 1119 3065 capella
1141 2983 1244 3044 sancti
1269 2982 1400 3044 Martini
1431 2982 1463 3044 in
1486 2981 1688 3056 Monteculli,
1720 2983 1848 3063 capella
1871 2984 1913 3046 de

236 3065 418 3144 Varaznno,
451 3072 578 3153 capella
602 3072 644 3135 de
666 3073 826 3149 Verruca,
857 3093 955 3155 super
987 3093 1087 3154 quam
1117 3071 1235 3153 prelati
1268 3071 1509 3152 predecessoris
1539 3072 1641 3134 nostri
1664 3071 1804 3136 URBan
1835 3084 1913 3155 post

237 3159 366 3220 tertiam
404 3170 437 3222 et
483 3171 633 3242 quartam
679 3162 916 3225 discussionem
962 3172 1029 3244 est,
1057 3161 1186 3244 prolata
1224 3162 1386 3223 sententia
1408 3159 1448 3241 ⁶),
1488 3161 1615 3243 capella
1652 3158 1825 3241 hospitalis
1871 3163 1912 3226 de

236 3248 387 3323 Fanano,
427 3250 554 3331 capella
584 3251 669 3315 Prati
710 3252 873 3334 episcopi,
919 3251 1058 3334 capellla
1097 3251 1138 3313 de
1176 3251 1289 3326 Rotie,
1336 3250 1463 3332 capella
1500 3251 1542 3313 de
1576 3248 1745 3325 Cerbaria,
1784 3251 1913 3333 capella

237 3336 361 3400 Montis
385 3340 479 3416 acuti,
511 3341 638 3422 capella
667 3341 709 3404 de
732 3341 849 3417 Insula,
881 3341 1007 3423 capella
1038 3341 1141 3403 sancti
1166 3338 1345 3403 Salvatoris
1368 3341 1431 3402 sita
1462 3341 1493 3402 in
1517 3340 1624 3414 Prato,
1655 3348 1780 3402 curtem
1803 3342 1911 3418 etiam,

237 3447 301 3507 que
323 3438 459 3491 vocatur
481 3429 621 3506 Pavana,
652 3430 736 3493 inira
758 3431 990 3494 Pistoriensem
1019 3431 1220 3505 comitatum,
1259 3450 1333 3492 cum
1364 3429 1498 3492 castello
1522 3427 1684 3492 Sambuce
1709 3429 1792 3492 inira
1815 3433 1912 3494 curtis

237 3515 379 3580 confinia
402 3528 598 3596 constructo,
622 3527 734 3583 sancte
757 3519 945 3583 Pistoriensi
970 3519 1106 3583 ecclesie
1129 3518 1368 3594 confirmamus,
1392 3519 1475 3581 sicut
1498 3539 1517 3580 a
1539 3516 1733 3581 venerabilis
1757 3523 1915 3585 memorie

237 3607 404 3670 comitissa
427 3608 577 3685 Matilde,
608 3609 697 3673 beati
721 3607 807 3672 Petri
831 3610 906 3686 filia,
939 3618 1017 3692 post
1040 3610 1094 3672 diu
1125 3610 1347 3672 examinatam
1379 3629 1398 3670 a
1430 3605 1653 3689 compluribus
1683 3607 1845 3672 iudicibus
1876 3632 1914 3673 ac

236 3695 311 3757 iuris
341 3698 454 3778 peritis
485 3700 614 3762 actione
647 3718 706 3780 per
743 3699 898 3762 iudicium
921 3699 1087 3775 Bemardi‚
1119 3708 1196 3761 tunc
1236 3707 1349 3761 sancte
1378 3698 1529 3760 Romane
1567 3696 1703 3759 ecclesie
1742 3699 1914 3779 presbiteri

236 3785 408 3849 cardinalis
425 3784 452 3869 τ)
476 3798 509 3850 et
528 3789 593 3851 iam
617 3788 695 3851 dicti
718 3788 860 3851 Pascalis
883 3809 972 3870 pape
993 3788 1114 3864 vicarii,
1138 3789 1169 3850 in
1195 3808 1310 3850 manus
1334 3787 1433 3869 digne
1455 3786 1692 3849 recordationis
1715 3786 1912 3869 lldeprandi,

235 3874 476 3956 predecessoris
498 3879 545 3940 tui
562 3875 599 3960 ⁸),
623 3887 657 3940 et
681 3876 815 3940 fratrum
837 3878 906 3940 eius
936 3878 1085 3941 restituta
1107 3898 1178 3941 esse
1209 3878 1425 3959 cognoscitur.
1471 3878 1572 3939 Porro
1604 3875 1841 3940 decimationes
1872 3880 1913 3942 de

236 3973 349 4027 monte
372 3965 511 4042 Moru10,
544 3966 586 4030 de
609 3966 715 4040 Prato,
746 3967 788 4029 de
811 3977 926 4030 sancto
949 3968 1059 4042 Paulo,
1091 3968 1133 4029 de
1157 3965 1323 4044 Colonica,
1347 3967 1389 4029 de
1417 3978 1530 4029 monte
1553 3966 1687 4048 Magne,
1720 3965 1762 4029 de
1786 3966 1912 4046 Casale,

237 4052 278 4115 de
308 4054 568 4137 Lamporechio,
601 4056 643 4119 de
673 4054 760 4119 Creti
792 4065 826 4119 et
856 4057 898 4119 de
929 4056 1171 4139 Spanarechio,
1211 4076 1292 4138 quas
1325 4057 1366 4118 de
1398 4056 1554 4118 laicorum
1586 4055 1738 4118 manibus
1768 4057 1913 4121 sollertia

236 4142 374 4224 predicti
402 4145 643 4226 predecessoris
667 4145 712 4207 tui
736 4146 862 4227 eripuit,
893 4146 999 4209 nullus
1022 4165 1179 4226 umquam
1203 4146 1245 4208 ab
1269 4145 1405 4209 ecclesie
1428 4145 1496 4206 iure
1520 4154 1552 4207 et
1577 4145 1768 4208 clericorum
1800 4148 1912 4211 usibus

235 4231 376 4296 alienare
400 4245 575 4315 presumat.
621 4234 660 4297 ld
691 4235 798 4316 ipsum
823 4235 864 4298 de
895 4236 1010 4299 ceteris
1040 4235 1185 4298 curtibus
1216 4235 1379 4316 prediisve
1409 4235 1617 4316 precipimus,
1650 4254 1714 4315 que
1746 4233 1847 4298 hodie
1880 4238 1911 4299 in

235 4321 371 4385 ecclesie
386 4324 590 4387 Pistoriensis
606 4325 816 4406 possessione
832 4325 1017 4406 persistunt,
1040 4325 1194 4388 videlicet
1210 4325 1252 4387 de
1266 4325 1400 4398 Lizano,
1422 4323 1463 4386 de
1479 4324 1657 4398 Mamian0,
1674 4324 1716 4386 de
1732 4323 1912 4403 Cavinano,

234 4411 277 4473 de
305 4410 435 4488 Batoni,
469 4413 511 4475 de
543 4412 736 4489 Satumana,
767 4414 952 4489 Brandeli0,
985 4414 1164 4495 Groppule,
1195 4414 1308 4489 Piscia,
1339 4413 1538 4490 Vinaciano,
1570 4413 1734 4489 Tobiano,
1767 4414 1910 4491 Publica,

234 4499 462 4573 Silvamortua,
485 4502 609 4579 Vizule‚
634 4501 822 4579 Pethanese,
847 4502 962 4567 Celleri
987 4513 1021 4566 et
1043 4504 1085 4566 de
1107 4513 1193 4566 terra
1220 4503 1283 4565 sita
1305 4501 1388 4564 infra
1407 4503 1637 4586 episcopatum
1657 4503 1911 4580 Bononiensem,

235 4610 334 4671 quam
365 4601 539 4654 tenuerunt
570 4593 720 4656 homines
751 4593 793 4656 de
822 4592 906 4656 valle
937 4592 1081 4668 Piderla,
1118 4603 1208 4655 curte
1239 4593 1280 4656 de
1310 4590 1479 4673 Spalliori3
1517 4595 1650 4674 insuper
1680 4591 1912 4656 confirmamus

233 4679 330 4742 vobis
353 4680 486 4762 plebem
509 4683 613 4745 sancti
635 4682 762 4763 Ypoliti
790 4683 823 4745 in
845 4680 950 4764 Alpe,
982 4682 1115 4763 plebem
1146 4683 1249 4745 sancti
1273 4682 1458 4758 Laurentii,
1490 4682 1623 4765 plebem
1652 4690 1765 4744 monte
1792 4682 1910 4760 Murlo,

234 4768 368 4851 plebem
391 4771 423 4832 in
439 4769 593 4847 Villiano,
617 4771 750 4853 plebem
773 4772 877 4834 sancti
901 4771 1033 4852 Quirici‚
1058 4771 1191 4852 plebem
1215 4771 1256 4834 de
1272 4772 1483 4853 Spanareclo,
1507 4772 1639 4854 plebem
1662 4771 1695 4832 in
1715 4769 1910 4848 Satumana,

234 4859 368 4941 plebem
393 4859 434 4923 de
453 4860 639 4936 Brandeli0,
663 4860 796 4942 plebem
820 4861 862 4923 de
886 4861 1063 4936 Cavinano,
1087 4860 1220 4942 plebem
1243 4863 1347 4924 sancti
1372 4861 1527 4937 Marcelli,
1552 4860 1684 4943 plebem
1708 4860 1750 4922 de
1773 4861 1908 4938 Lizano,

234 4948 367 5031 plebem
392 4949 433 5012 de
455 4950 606 5032 Popillio,
635 4949 769 5031 plebem
792 4949 834 5012 de
857 4951 994 5026 Pitelli0‚
1019 4950 1151 5031 plebem
1175 4951 1217 5014 de
1240 4951 1382 5028 Furlalo,
1416 4951 1550 5033 plebem
1581 4950 1622 5012 de
1646 4948 1743 5025 Celle‚
1774 4950 1911 5031 plebem

235 5039 276 5102 de
300 5038 442 5101 Calloria
464 5059 538 5102 cum
561 5038 715 5102 omnibus
738 5040 873 5121 capellis
902 5051 936 5103 et
963 5040 1237 5104 decimationibus
1260 5041 1303 5103 ad
1327 5062 1383 5103 eas
1407 5041 1474 5103 iure
1497 5039 1743 5123 pertinentibus,
1775 5039 1910 5121 plebem

235 5129 277 5192 de
299 5129 492 5205 Vinaciano,
516 5128 649 5211 plebem
674 5128 715 5192 de
739 5129 856 5206 Massa,
881 5129 1013 5212 plebem
1037 5129 1079 5193 de
1103 5129 1199 5206 Creti,
1228 5131 1361 5212 plebem
1385 5130 1427 5193 de
1449 5128 1677 5211 Lamporec10,
1708 5128 1844 5210 plebem
1868 5130 1911 5194 de

394 5324 419 5387 a)
440 5323 477 5373 Es
493 5323 554 5372 steht
569 5339 611 5373 am
623 5322 733 5374 Sctlwse
749 5324 782 5387 ei,
799 5322 917 5374 vr'ellricht
932 5339 1005 5372 arasa
1023 5321 1141 5390 com'girt.
1160 5362 1213 5369 -
1232 5324 1267 5390 ,1)
1293 5325 1369 5391 Vergl.
1388 5320 1467 5390 Jaffe',
1485 5326 1544 5390 ch.
1560 5325 1644 5383 amr,-
1667 5321 1801 5372 Zacchoria
1809 5330 1836 5388 p.
1849 5325 1909 5384 230,

233 5393 314 5461 bringi
330 5409 382 5444 nur
397 5395 434 5445 die
451 5395 554 5461 Zeugm.
628 5396 655 5464 2)
672 5398 735 5457 Atto,
755 5395 859 5461 Bisthos
874 5411 923 5445 von
942 5393 1038 5456 listris,
1059 5395 1240 5447 1134-1153.
1312 5404 1339 5460 3)
1359 5395 1430 5446 Dicre
1451 5396 1511 5446 Urk.
1530 5395 1561 5445 ist
1577 5395 1643 5445 nicht
1659 5394 1773 5446 erhalten.
1826 5393 1908 5464 Jaffi,

233 5468 291 5534 ch.
310 5468 378 5516 4138
396 5467 427 5516 ist
433 5468 488 5533 fiir
504 5467 541 5516 die
557 5467 700 5517 Kamuer
715 5483 763 5517 von
783 5467 871 5517 Pr'storiz
888 5468 1029 5533 wsgeslellt.
1101 5469 1129 5532 4)
1145 5465 1224 5534 Joffe',
1243 5470 1299 5533 Reg,
1313 5469 1391 5517 4513.
1431 5469 1474 5518 Or.
1494 5468 1527 5516 im
1539 5467 1612 5517 Arch.
1629 5466 1657 5515 di
1673 5466 1740 5516 Stolo
1757 5482 1788 5514 ru
1801 5466 1909 5518 marm.

235 5541 261 5605 5)
285 5535 363 5605 Jaffe',
382 5541 440 5606 Rrg.
461 5540 539 5589 6465.
581 5540 635 5605 Cap.
660 5556 679 5588 s.
699 5539 768 5589 XIV
780 5539 813 5589 im
831 5539 906 5589 Arch.
931 5539 958 5587 di
974 5539 1041 5588 Statu
1058 5555 1088 5586 zu
1106 5538 1211 5588 Florem.
1291 5540 1318 5605 6)
1343 5540 1420 5604 Vergl.
1450 5539 1598 5602 Coppellettr',
1625 5539 1704 5588 chiese
1721 5538 1806 5588 XVII
1816 5548 1844 5604 p.
1864 5542 1908 5592 8⁹.

235 5613 261 5673 7)
280 5610 415 5661 Bemtard
434 5626 490 5660 war
510 5611 583 5661 Card.
602 5612 681 5676 presb.
697 5611 733 5662 tir.
752 5612 779 5663 S.
801 5610 947 5679 Chrysogoni
970 5617 1042 5661 anter
1060 5610 1185 5660 Pascholrlr
1203 5609 1238 5659 II.
1348 5611 1375 5677 8)
1393 5609 1554 5660 Hildebrand
1576 5610 1604 5660 de
1624 5610 1711 5671 Guidi,
1735 5609 1842 5678 Bisthos
1860 5627 1909 5663 von

236 5679 336 5744 Pirloia,
358 5684 423 5733 1107
438 5711 470 5720 -
485 5699 504 5733 c.
526 5683 603 5734 1134.
