3982 6194
1772 262 1835 341 139

163 450 385 532 redemptoris
406 449 508 511 nostri
538 447 610 511 lesu
635 444 763 522 Christi,
786 443 890 510 aliena
913 445 977 521 fiat,
1008 453 1108 526 atque
1132 446 1164 507 in
1195 453 1344 509 extremo
1374 441 1526 508 examine
1556 439 1701 509 districte
1724 443 1834 510 ultioni

162 541 340 602 subiaceat.
387 536 519 600 Cunctis
551 545 671 611 autem,
701 536 808 599 eidem
840 535 916 598 loco
949 537 1033 598 iusta
1061 534 1272 609 servantibus,
1304 536 1345 599 sit
1376 555 1442 617 pax
1475 535 1598 597 domini
1630 538 1732 598 nostri
1762 537 1834 599 lesu

163 627 291 704 Christi,
326 626 478 710 quatinus
510 635 544 689 et
575 625 628 688 hic
658 625 797 688 fructum
829 624 917 688 bone
948 626 1085 687 actionis
1108 625 1289 706 percipiant
1320 633 1353 687 et
1375 624 1464 705 apud
1487 623 1670 687 districtum
1693 626 1833 688 iudicem

164 720 289 800 premia
314 725 429 781 eterne
452 718 543 797 pacis
566 715 738 778 inveniant
783 713 902 776 Amen.
925 711 1001 776 Ain.
1024 711 1101 775 Am.

377 805 434 885 (R)
458 806 532 887 Ego
554 803 748 866 Anastasius
772 801 932 866 catholice
952 800 980 886 ²)
1003 803 1140 865 ecclesie
1163 801 1338 884 episcopus
1361 820 1403 863 ss.
1425 798 1487 885 (M)

376 895 397 973 †
420 894 493 975 Ego
518 892 657 956 Cencius
679 893 867 955 Portuensis
891 900 925 954 et
947 899 1058 954 sancte
1081 889 1199 953 Rufine
1222 892 1400 972 episcopus
1422 910 1463 952 ss.

376 982 397 1062 †
420 983 493 1064 Ego
518 981 695 1064 Gregorius
719 981 908 1045 Sabinensis
932 983 1109 1063 episcopus
1131 999 1172 1042 ss.

376 1072 397 1150 †
421 1072 494 1153 Ego
518 1070 625 1134 Guido
649 1070 811 1154 presbiter
834 1071 1004 1133 cardinalis
1027 1071 1074 1132 tit
1097 1070 1200 1132 sancti
1226 1066 1398 1150 Grisogoni
1420 1089 1461 1131 ss.

378 1156 398 1240 †
422 1160 494 1242 Ego
518 1160 710 1224 Mansredus
734 1159 895 1241 presbiter
918 1159 1085 1222 cardinalis
1107 1161 1155 1221 tit.
1180 1167 1290 1220 sancte
1314 1155 1433 1222 Savine
1455 1178 1497 1220 ss.

378 1246 399 1330 †
422 1248 495 1331 Ego
518 1249 615 1313 lulius
638 1249 801 1332 presbiter
824 1248 993 1311 cardinalis
1014 1249 1062 1311 tit.
1085 1248 1189 1310 sancti
1214 1247 1361 1309 Marcelli
1383 1267 1424 1309 ss.

376 1337 397 1417 †
420 1337 492 1419 Ego
516 1338 688 1401 Hubaldus
712 1338 873 1421 presbiter
896 1337 1067 1401 cardinalis
1090 1338 1136 1399 tit.
1159 1344 1272 1399 sancte
1295 1335 1407 1399 Crucis
1430 1336 1461 1398 in
1484 1336 1658 1400 Ierusalem
1683 1356 1725 1399 ss.

376 1427 397 1505 †
420 1425 493 1509 Ego
518 1425 718 1490 Octavianus
741 1427 904 1509 presbiter
926 1426 1097 1490 cardinalis
1120 1428 1168 1488 tit.
1191 1434 1304 1488 sancte
1327 1424 1446 1488 Cecilie
1468 1447 1511 1488 ss.

375 1514 396 1594 †
419 1517 493 1598 Ego
515 1516 676 1579 Astaldus
699 1515 862 1598 presbiter
885 1517 1055 1579 cardinalis
1078 1519 1127 1578 tit.
1151 1522 1263 1578 sancte
1286 1515 1459 1578 Priscess.

376 1605 397 1683 †
420 1605 492 1686 Ego
504 1604 666 1668 lohannes
678 1607 841 1688 presbiter
851 1606 1023 1668 cardinalis
1034 1614 1219 1668 sanctorum
1233 1602 1387 1667 Iohannis
1400 1614 1433 1667 et
1445 1604 1536 1667 Pauli
1551 1606 1600 1666 tit.
1616 1604 1779 1669 Pamachii
1792 1627 1834 1669 ss.

377 1694 398 1772 †
420 1696 493 1775 Ego
516 1693 678 1759 lohannes
702 1696 864 1776 presbiter
887 1695 1058 1758 cardinalis
1081 1695 1128 1757 tit.
1151 1703 1337 1756 sanctorum
1361 1691 1507 1756 Silvestri
1530 1702 1563 1757 et
1586 1695 1716 1757 Martini
1740 1715 1782 1758 ss.

376 1781 397 1864 †
420 1784 493 1864 Ego
518 1782 627 1848 Guido
650 1786 810 1847 diaconus
833 1784 1002 1847 cardinalis
1025 1792 1138 1847 sancte
1162 1782 1267 1845 Marie
1290 1785 1322 1845 in
1346 1781 1474 1845 Porticu
1498 1803 1538 1845 ss.

376 1872 398 1948 †
420 1873 493 1954 Ego
516 1872 679 1936 Iohannes
702 1874 861 1936 diaconus
884 1873 1056 1937 cardinalis
1078 1880 1266 1935 sanctorum
1291 1869 1396 1954 Sergii
1419 1881 1452 1935 et
1474 1871 1596 1936 Bacchi
1618 1892 1660 1934 ss.

320 1956 400 2022 Dat.
416 1961 580 2038 Laterani,
604 1983 663 2045 per
679 1982 809 2025 manum
827 1961 975 2038 Rolandi,
998 1971 1109 2025 sancte
1133 1961 1282 2024 Romane
1305 1961 1442 2025 ecclesie
1465 1962 1636 2045 presbiteri
1661 1961 1835 2025 cardinalis

154 2055 189 2109 et
201 2045 397 2112 cancellarii.
422 2050 497 2113 Idus
511 2048 648 2115 Octobr.
679 2052 860 2114 Indictione
872 2065 918 2114 111.
948 2051 1179 2116 lncarnationis
1195 2052 1360 2114 dominice
1372 2071 1457 2114 anno
1468 2064 1602 2114 McLuu.
1625 2051 1834 2115 Pontificatus

155 2137 379 2201 verodomni
403 2138 597 2204 ANASTnSu
621 2162 676 2224 pp.
700 2155 751 2204 1111
775 2161 860 2203 anno
884 2154 917 2202 11.

216 2322 254 2371 p·
320 2251 447 2318 Abscknfl
471 2269 525 2304 vom
544 2255 576 2304 13
597 2254 690 2318 Jahrb.
716 2254 756 2304 der
782 2256 919 2320 Registmm
945 2255 1065 2322 Magnum
1086 2262 1111 2319 p.
1130 2257 1191 2314 266,
1224 2255 1333 2304 Parvum
1355 2262 1381 2318 p.
1402 2255 1468 2313 186,
1493 2254 1526 2303 ini
1550 2254 1664 2303 Archivio
1688 2253 1836 2320 Mrenirr'pnle

157 2338 186 2369 :n
242 2338 352 2375 mensa.

908 2520 975 2595 Nr.
1006 2526 1092 2596 149.

157 2648 358 2712 Anastasius
387 2648 411 2712 I
416 2648 445 2713 V
464 2651 582 2715 nimmt
602 2651 665 2716 das
693 2649 824 2716 Kloster
851 2651 1001 2717 Colomba
1026 2655 1085 2736 (D.
1119 2656 1295 2737 Pe'acenna)
1321 2653 1355 2716 in
1376 2651 1608 2736 apostolisclren
1631 2649 1751 2715 Sanun
1772 2648 1841 2714 und

672 2739 825 2824 bestdtrgt
847 2742 914 2807 ilem
936 2746 1025 2808 scine
1047 2745 1286 2810 Besitntlnimer
1302 2742 1334 2830 ¹).

732 2876 815 2938 1154
831 2876 1015 2941 November
1028 2881 1078 2941 16.
1125 2880 1274 2943 Lateran.

323 3005 516 3069 Anastasius
539 3009 724 3092 episcopus,
748 3030 859 3073 servus
882 3031 1051 3075 servorum
1075 3014 1137 3089 dei,
1161 3014 1288 3076 dilectis
1309 3014 1341 3075 in
1358 3010 1488 3076 Christo
1504 3010 1578 3073 tiliis
1593 3010 1700 3084 Petro,
1724 3008 1835 3073 abbati

161 3095 354 3156 monasterii
385 3104 494 3180 sancte
525 3097 638 3182 Marie,
672 3100 725 3162 siti
756 3099 788 3161 in
818 3100 903 3176 loco,
935 3102 990 3183 qui
1018 3100 1180 3167 Columba
1211 3104 1330 3166 dicitur
1360 3111 1394 3166 et
1426 3099 1614 3164 Carrectum
1644 3094 1836 3183 anltiquitus

160 3179 366 3268 voca]batur,
390 3186 510 3264 quique
533 3186 565 3248 in
586 3187 775 3252 Placentino
799 3190 990 3273 episcopatu
1013 3193 1093 3255 situs
1117 3201 1176 3269 est,
1199 3195 1334 3273 eiusque
1357 3190 1516 3266 fratribus,
1539 3197 1606 3252 tarn
1631 3188 1835 3271 presentibus

163 3290 261 3350 quam
293 3272 420 3347 futuris,
452 3274 631 3356 regularem
655 3277 755 3340 vitarn
786 3278 948 3359 professis,
976 3293 1015 3342 ΙΝ
1038 3294 1115 3343 ΡΡΜ.
1138 3319 1181 3328 -
1202 3278 1206 3366 Ι
1227 3280 1400 3363 Religiosis
1431 3279 1599 3342 desideriis
1630 3279 1762 3359 dignum
1786 3285 1837 3340 est

163 3360 294 3423 facilem
319 3361 460 3443 prebere
482 3383 687 3441 consensum,
718 3374 752 3428 ut
780 3366 886 3430 fidelis
917 3368 1050 3433 devotio
1081 3371 1221 3435 celerem
1253 3370 1405 3434 sortiatur
1434 3369 1596 3431 effectum.
1641 3368 1836 3450 Eapropter,

164 3449 275 3512 dilecti
307 3450 341 3513 iu
365 3451 501 3514 domino
524 3451 591 3528 filii,
625 3457 741 3518 vestris
764 3457 855 3518 iustis
882 3458 1159 3539 postulationibus
1188 3458 1364 3523 clementer
1394 3460 1565 3520 annuimus
1596 3462 1629 3518 et
1660 3455 1836 3538 prelaltum

165 3539 409 3615 monasterium,
431 3540 463 3602 in
486 3559 553 3620 quo
576 3543 686 3605 divino
710 3546 885 3627 mancipati
908 3550 986 3610 estis
1009 3548 1178 3630 obsequio,
1202 3551 1244 3612 ad
1269 3547 1438 3629 exemplar
1460 3547 1703 3629 predecessoris
1726 3547 1837 3620 nostri,

165 3625 268 3689 felicis
298 3629 456 3692 memorie
483 3650 571 3713 pape
593 3630 735 3696 EUGenii
761 3631 785 3718 ¹)
816 3635 877 3698 sub
908 3635 995 3700 beati
1025 3639 1111 3701 Petri
1141 3646 1175 3702 et
1206 3648 1317 3701 nostra
1346 3638 1551 3720 protectione
1580 3635 1773 3717 suscipimus
1804 3642 1837 3696 et

165 3718 329 3799 presentis
352 3717 462 3800 scripti
486 3720 656 3803 privilegio
679 3726 929 3787 communimus.
975 3723 1173 3803 Statuentes,
1198 3736 1233 3790 ut
1256 3746 1479 3808 quascumque
1503 3725 1737 3808 possessiones,
1760 3744 1838 3805 que·

167 3824 309 3885 cumque
343 3806 433 3869 bona
463 3808 551 3871 idem
583 3813 814 3874 monasterium
847 3815 880 3876 in
911 3817 1144 3897 presentiarum
1182 3817 1264 3880 iuste
1296 3825 1329 3879 et
1358 3816 1512 3879 canonice
1544 3815 1694 3897 possidet
1723 3813 1836 3876 autin

167 3893 309 3957 futurum
334 3895 544 3961 concessione
567 3898 767 3979 pontificum,
792 3901 964 3984 largitione
988 3924 1100 3987 regum
1124 3906 1177 3969 vel
1200 3906 1391 3989 principum,
1419 3904 1588 3967 oblatione
1611 3902 1757 3968 fidelium
1779 3922 1837 3965 seu

167 3982 234 4083 aliis
259 3984 355 4046 iustis
379 3985 484 4048 modis
508 3985 573 4050 deo
597 3990 742 4071 propitio
773 3991 894 4072 poterit
922 3994 1074 4076 adipisci,
1103 3994 1196 4059 firma
1218 3995 1312 4059 vobis
1334 3995 1517 4074 vestrisque
1540 3991 1781 4055 successoribus
1804 3999 1838 4054 et

167 4071 291 4174 illibata
323 4082 545 4154 permaneant.
590 4076 625 4138 ln
659 4078 778 4159 quibus
808 4078 869 4165 hec
893 4085 1034 4164 propriis
1066 4086 1218 4148 duximus
1249 4083 1466 4166 exprimenda
1495 4081 1679 4145 vocabulis:
1717 4080 1837 4155 locum,

169 4179 220 4263 pur
242 4170 382 4224 vocatur
403 4162 569 4240 Budrium,
605 4185 678 4228 curn
710 4171 914 4249 pertinentiis
946 4174 1021 4249 suis,
1054 4173 1086 4236 in
1118 4175 1200 4249 loco,
1233 4175 1288 4253 qui
1319 4173 1434 4235 dicitur
1457 4173 1575 4235 domus
1597 4171 1728 4245 Lascus,
1759 4177 1836 4232 octo

169 4270 280 4333 iugera
302 4257 388 4334 terre
412 4260 446 4314 et
468 4253 549 4316 duas
572 4257 722 4336 perticas,
746 4265 779 4319 et
802 4260 957 4340 quicquid
983 4262 1120 4326 ecclesia
1142 4265 1243 4325 sancti
1259 4262 1415 4325 Domnini
1439 4259 1584 4324 habebat
1608 4262 1639 4323 in
1657 4259 1837 4335 Gazelasio,

171 4358 284 4403 omnes
308 4346 411 4403 terras
440 4339 519 4417 illas,
546 4362 628 4421 quas
650 4343 781 4409 illustris
810 4349 859 4411 vir
889 4349 1089 4415 Pelavicinus
1121 4350 1265 4414 marchio
1297 4371 1457 4413 unacum
1482 4371 1584 4414 uxore
1614 4358 1647 4413 et
1669 4347 1740 4412 filiis
1771 4350 1838 4411 suis

170 4438 199 4491 et
221 4426 397 4492 Conradus
421 4427 680 4495 Cavalcabovem
713 4435 860 4499 marchio
890 4458 964 4501 curn
988 4460 1046 4503 sua
1069 4436 1192 4525 ux[ore,
1220 4437 1264 4527 et]
1295 4440 1408 4503 vasalli
1431 4440 1576 4522 ipsorum
1604 4436 1836 4514 marchionum,

170 4525 199 4580 et
221 4517 365 4581 ecclesia
387 4527 499 4603 sancte
524 4521 626 4602 Mario
650 4523 693 4586 de
716 4521 947 4612 Castell[i0ne],
978 4537 1010 4591 et
1040 4530 1178 4593 ecclesia
1200 4532 1242 4593 de
1266 4529 1474 4601 Florentiola,
1505 4536 1538 4590 et
1561 4527 1677 4591 nobilis
1707 4527 1838 4610 signifer

171 4605 358 4691 Placentine
393 4609 546 4684 civitatis,
581 4620 615 4672 et
647 4611 870 4677 Malcorredus
900 4618 1139 4693 vicedominus,
1174 4629 1208 4681 et
1231 4619 1333 4681 Fulco
1364 4619 1557 4690 advocatuS,
1587 4625 1619 4679 et
1642 4618 1764 4679 Bonizo
1794 4616 1838 4680 de

171 4693 320 4769 Anditi0,
344 4704 378 4758 et
400 4692 602 4783 Ar[de]ngus
624 4699 856 4778 vicedominus
880 4713 914 4766 et
938 4702 1102 4770 Grimerus
1126 4716 1160 4770 et
1182 4708 1356 4769 Baiamous
1379 4707 1597 4781 vicecomites,
1621 4714 1654 4768 et
1676 4705 1837 4769 Gislentio

172 4793 200 4846 et
222 4784 412 4847 Bernardus
437 4794 469 4848 et
492 4785 652 4850 lohannes
675 4797 709 4852 et
732 4789 859 4866 Calvus,
892 4792 1007 4857 fratres
1030 4795 1084 4859 filii
1109 4793 1208 4858 Salvii
1232 4795 1424 4871 Arditionis,
1456 4803 1489 4857 et
1512 4795 1617 4857 Malus
1648 4814 1773 4877 parens,
1804 4802 1838 4858 et

171 4871 348 4936 Rainaldus
370 4874 495 4950 surdus,
519 4884 552 4939 et
576 4877 738 4954 Malacria,
763 4888 796 4943 et
819 4879 874 4944 filii
896 4881 1049 4959 Rainerii,
1073 4884 1201 4947 nobiles
1225 4886 1373 4969 predicte
1397 4886 1545 4960 civitatis,
1568 4904 1625 4946 seu
1649 4904 1764 4947 omnes
1786 4884 1837 4947 alii

172 4960 245 5024 boni
269 4963 341 5064 viri,
372 4963 429 5044 qul
453 4964 559 5027 eidem
584 4965 659 5029 loco
690 4967 872 5032 devotionis
903 4973 1019 5035 intuitu
1042 4973 1093 5036 vel
1123 4974 1314 5037 venditionis
1338 4994 1395 5036 seu
1419 4973 1603 5036 concambii
1627 4982 1725 5054 atque
1749 4993 1838 5036 com·

173 5052 360 5114 mutationis
383 5052 597 5129 contulerunt,
621 5075 703 5134 quas
726 5059 877 5121 nimirum
901 5062 1047 5124 eiusdem
1072 5063 1133 5125 loci
1157 5062 1308 5126 fratribus
1332 5065 1458 5144 quietas
1475 5072 1508 5125 et
1531 5062 1650 5124 liberas
1673 5065 1742 5126 iure
1764 5083 1838 5145 per·

173 5147 270 5220 petuo
295 5158 488 5223 permanere
512 5151 545 5207 et
568 5143 610 5206 ab
634 5145 721 5207 omni
753 5147 886 5210 seculari
920 5152 1093 5214 exactione
1123 5160 1263 5215 remotas
1288 5150 1359 5215 sore
1389 5153 1559 5215 sancimus.
1605 5152 1648 5213 Et
1680 5154 1837 5232 quoniam

173 5247 381 5331 communem
405 5231 504 5293 vitam
534 5240 668 5314 agentes
699 5234 741 5297 de
772 5235 908 5300 aliorum
940 5237 1148 5303 helemosinis
1171 5261 1209 5303 ac
1238 5240 1452 5304 beneficentia
1474 5239 1599 5303 debent
1621 5242 1738 5316 vlvere,
1762 5262 1838 5304 con·

172 5320 342 5394 stituimus,
366 5325 402 5381 ut
417 5319 459 5381 de
474 5319 650 5398 laboribus,
673 5341 756 5402 quos
779 5324 895 5389 fratres
918 5329 1019 5410 ipsius
1043 5330 1229 5393 monasterii
1253 5333 1394 5413 propriis
1418 5330 1566 5393 manibus
1581 5338 1637 5393 aut
1652 5331 1837 5413 sumptibus

329 5515 355 5579 a)
374 5515 513 5579 apostolice
526 5515 601 5566 Paro.
620 5554 672 5561 -
691 5520 727 5582 ,1)
752 5519 827 5586 Vergl.
853 5520 890 5570 die
910 5521 970 5573 Urk.
988 5539 1042 5573 vom
1063 5524 1095 5572 12
1115 5523 1176 5589 Jreli
1193 5527 1262 5573 1144
1278 5525 1334 5573 nnd
1351 5523 1429 5593 Jaffe',
1450 5527 1507 5592 Reg.
1527 5527 1605 5577 ⁵580.
1626 5554 1657 5564 -
1678 5527 1717 5575 Zn
1732 5540 1837 5591 grassem

173 5581 256 5633 nane
265 5583 345 5665 ffld‘
364 5583 403 5633 irlr
420 5586 483 5635 nrr'ch
506 5587 558 5636 dem
576 5587 660 5638 Hem
677 5589 785 5640 Abbnte
803 5593 943 5643 Barbieri
960 5596 1014 5660 fiir
1033 5595 1083 5644 sein
1105 5596 1255 5659 sordernder
1273 5598 1501 5663 Entgegenkomnren
1523 5599 1548 5647 in
1574 5598 1666 5647 Parma
1688 5598 1837 5663 verpstr'clrtet.

174 5658 197 5717 2)
216 5656 297 5723 Jaffe,
315 5658 376 5723 Reg.
394 5660 471 5721 6156,
489 5659 692 5721 lemnrmnverrn,
710 5662 767 5711 dass
783 5664 849 5713 nicht
864 5663 926 5714 arech
945 5667 1036 5716 [παίω
1048 5668 1080 5716 ΙΙ
1093 5668 1149 5716 und
1164 5669 1280 5718 Innocens
1292 5669 1325 5717 II
1339 5677 1448 5734 genennt
1468 5669 1526 5719 sind
1541 5669 1627 5736 (vergl.
1645 5671 1717 5720 Anrn.
1736 5673 1770 5739 1).

1957 5624 1963 5709 l

1928 5772 1963 5812 A
