3974 6188
913 449 979 532 Nr.
1010 458 1071 531 37.

158 589 320 653 Honorius
337 587 381 650 II
391 587 539 670 bestdtrgt
560 584 632 651 darn
649 587 799 668 Bisclaofe
814 589 910 653 Peter
923 612 983 653 von
1000 587 1106 654 Niara
1133 589 1188 653 die
1203 589 1447 653 Basilatler'a'mer
1459 588 1562 652 seines
1578 583 1779 669 Hoclrstr'stas
1798 588 1830 671 ¹).

772 726 857 785 1129
871 723 974 807 April
986 728 1034 787 19.
1066 724 1215 787 Lateran.

316 855 482 917 Honorius
513 857 706 939 episcopus,
745 877 856 920 servus
892 878 1061 922 servorum
1093 858 1160 934 dei,
1198 857 1374 921 venerabili
1415 857 1504 919 fratri
1536 858 1650 933 Petro,
1690 854 1833 918 Niciensi

158 947 326 1027 episcopo,
350 946 486 1025 eiusque
509 946 752 1009 successoribus
776 950 934 1010 canonice
958 949 1199 1030 promovendis,
1222 949 1253 1009 in
1277 967 1368 1029 ppm.
1414 948 1450 1010 In
1479 947 1630 1008 eminenti
1651 945 1833 1028 apostolice

156 1035 244 1096 sedis
267 1033 409 1115 specula,
441 1035 636 1116 disponente
660 1037 807 1112 domino,
830 1040 1007 1113 constituti,
1038 1057 1081 1099 ex
1112 1038 1255 1100 iniuncto
1287 1037 1382 1100 nobis
1414 1034 1523 1098 officio
1555 1035 1668 1098 fratres
1701 1042 1833 1097 nostros

157 1125 334 1206 episcopos
357 1123 494 1204 diligere
518 1133 552 1187 et
567 1123 718 1200 ecclesiis,
741 1124 801 1187 sibi
816 1147 836 1188 a
852 1128 916 1189 deo
941 1128 1133 1200 commissis,
1155 1146 1247 1188 suam
1273 1125 1432 1188 debemus
1455 1125 1611 1187 iusticiam
1629 1143 1832 1187 conservare.

156 1212 305 1287 Proinde,
329 1211 497 1275 karissime
520 1213 551 1276 in
576 1215 712 1276 domino
737 1213 836 1278 frater
859 1216 962 1291 Petre,
987 1218 1144 1298 episcope
1167 1215 1324 1277 Niciensis
1352 1214 1498 1289 ecclesie,
1529 1215 1619 1275 cuius
1643 1214 1701 1277 tibi
1724 1234 1744 1275 a
1766 1214 1833 1275 deo

157 1323 232 1364 cura
255 1303 431 1366 commissa
454 1311 512 1378 est,
535 1301 706 1366 salubriter
729 1304 947 1385 providentes,
971 1308 1152 1380 statuimus,
1176 1312 1220 1379 ut,
1251 1323 1464 1384 quascunque
1488 1305 1724 1385 possessiones,
1755 1322 1834 1383 que-

157 1411 296 1472 cumque
327 1391 415 1455 bona
449 1392 566 1455 eadem
596 1392 734 1456 ecclesia
758 1395 789 1455 in
822 1394 1055 1476 presentiarum
1088 1396 1172 1456 iuste
1203 1402 1237 1456 et
1266 1394 1422 1457 canonice
1454 1393 1616 1475 possidet,
1648 1390 1741 1454 firma
1771 1391 1832 1454 tibi

155 1483 284 1560 tuisque
307 1481 551 1544 successoribus
575 1490 608 1544 et
629 1481 752 1545 illibata
776 1491 999 1564 permaneant.
1046 1482 1081 1545 ln
1107 1483 1226 1563 quibus
1242 1482 1303 1546 hec
1320 1484 1461 1564 propriis
1478 1481 1662 1544 nominibus
1678 1481 1833 1544 duximus

157 1571 390 1652 exprimenda:
429 1570 599 1633 ecclesiam
631 1571 783 1634 videlicet
813 1582 924 1635 sancte
955 1573 1057 1635 Marie
1090 1574 1131 1635 de
1161 1571 1300 1647 Clancia,
1332 1573 1504 1634 ecclesiam
1535 1571 1636 1632 sancti
1666 1570 1832 1633 Laurentii

156 1661 199 1723 de
229 1659 362 1735 illontia,
395 1659 565 1723 ecclesiam
595 1670 708 1723 sancte
739 1661 843 1723 Marie
873 1663 916 1724 de
947 1661 1044 1737 Pilia,
1074 1661 1244 1724 ecclesiam
1276 1669 1390 1723 sancte
1418 1659 1533 1734 Tecle,
1566 1668 1707 1722 castrum
1742 1660 1831 1740 quod

155 1758 291 1813 vocatur
313 1749 496 1831 Drappum,
520 1749 692 1812 ecclesiam
716 1760 829 1812 sancte
852 1749 955 1813 Marie
977 1750 1061 1814 Ville
1084 1753 1212 1824 veteris,
1244 1750 1476 1812 monasterium
1501 1750 1603 1810 sancti
1626 1749 1732 1811 Pontii
1757 1768 1831 1810 curn

156 1838 299 1901 ecclesiis
315 1839 356 1900 ad
375 1841 481 1920 ipsum
499 1838 744 1920 pertinentibus
762 1859 842 1921 quas
859 1842 890 1902 in
902 1839 933 1900 N
937 1842 1045 1902 iciensi
1063 1843 1255 1922 episcopatu
1269 1839 1413 1921 legitime
1426 1838 1596 1920 possidere
1607 1839 1831 1919 cognoscitur.

157 1926 360 2008 Quecunque
384 1937 533 2010 preterea
549 1929 579 1990 in
596 1927 747 2003 futurum,
770 1927 925 2010 largiente
946 1930 1019 2004 deo,
1044 1932 1256 1992 concessione
1272 1927 1473 2011 pontificum,
1497 1926 1691 1990 liberalitate
1708 1948 1832 2009 regum,

154 2017 328 2099 largitione
352 2017 545 2099 principum,
569 2016 734 2080 oblatione
758 2017 902 2081 fidelium
926 2038 982 2080 seu
1008 2019 1078 2081 aliis
1102 2019 1211 2081 modis
1234 2019 1317 2081 iuste
1333 2026 1367 2079 et
1387 2017 1532 2099 legitime
1548 2017 1668 2098 poterit
1684 2016 1832 2098 adipisci,

155 2106 247 2169 firma
262 2107 321 2169 tibi
337 2107 465 2185 tuisque
488 2107 732 2169 successoribus
757 2107 818 2188 (et)
835 2111 946 2187 quieta
970 2110 1154 2189 persistant.
1187 2108 1400 2170 Decernimus
1424 2127 1513 2188 ergo,
1538 2114 1572 2167 ut
1596 2104 1673 2167 nulli
1697 2107 1832 2168 omnino

154 2194 320 2259 hominum
352 2197 463 2271 liceat,
496 2196 634 2258 eandem
667 2195 835 2259 ecclesiam
867 2206 991 2259 temere
1024 2197 1216 2279 perturbare
1246 2206 1302 2258 aut
1340 2199 1408 2258 eius
1440 2197 1664 2277 possessiones
1695 2193 1833 2269 auferre,

154 2286 281 2349 ablatas
312 2287 458 2360 retinere,
493 2285 636 2348 minuere
659 2284 710 2347 vel
740 2288 921 2349 temerariis
944 2287 1177 2349 vexationibus
1208 2286 1352 2367 fatigare,
1384 2285 1441 2347 sed
1474 2286 1582 2347 omnia
1604 2284 1731 2365 integra
1755 2304 1832 2346 cou-

154 2384 322 2438 serventur
352 2384 418 2437 tam
453 2376 528 2448 tuis,
563 2395 661 2455 quam
693 2395 873 2456 pauperum
908 2376 1018 2438 usibus
1050 2377 1247 2438 omnimodis
1279 2375 1457 2458 profutura.
1513 2371 1546 2436 Si
1578 2393 1642 2452 qua
1673 2374 1770 2454 igitur
1801 2373 1831 2435 in

154 2475 321 2547 posterum
351 2462 569 2527 ecclesiastica
598 2462 791 2526 secularisve
825 2485 973 2546 persona,
1005 2464 1089 2526 hanc
1121 2474 1232 2527 nostre
1257 2464 1497 2526 constitutionis
1530 2464 1685 2545 paginam
1718 2462 1833 2537 sciens,

155 2564 268 2617 contra
292 2558 391 2633 (eam)
416 2561 540 2615 temere
556 2555 665 2615 venire
689 2554 905 2634 temptaverit,
929 2555 1074 2616 secundo
1090 2556 1230 2616 tertiove
1247 2553 1456 2627 commonita,
1479 2553 1506 2614 si
1523 2572 1587 2614 non
1609 2550 1833 2613 satisfactione

155 2664 298 2725 congrua
329 2642 567 2717 emendaverit,
605 2643 776 2723 potestatis
807 2641 1007 2723 honorisque
1043 2645 1091 2704 sui
1124 2643 1281 2724 dignitate
1314 2651 1423 2704 careat
1453 2659 1609 2720 reamque
1647 2660 1683 2702 se
1722 2640 1831 2702 divino

155 2733 272 2795 iudicio
296 2732 435 2795 existere
458 2732 500 2793 de
525 2739 714 2814 perpetrata
737 2732 907 2810 iniquitate
931 2740 1117 2814 cognoscat,
1141 2741 1174 2794 et
1189 2752 1208 2793 a
1225 2731 1442 2795 sacratissimo
1464 2750 1604 2812 corpore
1619 2749 1658 2791 ac
1673 2731 1832 2810 sanguine

154 2823 206 2884 dei
239 2830 272 2884 et
294 2823 429 2893 domini,
460 2821 677 2902 redemptoris
707 2823 807 2882 nostri
832 2823 902 2883 lesu
928 2820 1055 2895 Christi,
1087 2821 1190 2883 aliena
1219 2820 1276 2883 fiat
1307 2831 1406 2900 atque
1438 2821 1470 2880 in
1499 2826 1649 2881 extremo
1681 2819 1831 2880 examine

154 2912 302 2974 districte
325 2909 439 2972 ultioni
471 2909 649 2973 subiaceat.
697 2907 827 2972 Cunctis
858 2919 978 2984 autem,
1009 2910 1136 2992 prefate
1167 2911 1303 2973 ecclesie
1336 2913 1420 2972 iusta
1449 2908 1661 2982 servantibus,
1692 2908 1734 2969 sit
1765 2928 1832 2990 pax
1866 2982 1868 2987 ἲ

155 3001 277 3062 domini
301 3001 401 3062 nostri
426 2997 498 3061 lesu
524 2997 650 3074 Christi,
681 2997 864 3080 quathenus
889 2998 997 3061 ethic
1021 2998 1161 3061 fructum
1186 2999 1272 3062 bone
1295 3000 1431 3063 actionis
1462 2999 1646 3079 percipiant
1677 3005 1710 3059 et
1741 2996 1830 3078 apud

155 3089 333 3152 districtum
358 3088 498 3150 iudicem
523 3090 649 3170 premia
673 3096 785 3150 eterne
809 3091 898 3171 pacis
921 3088 1094 3151 inveniant.
1141 3088 1262 3150 Amen.
1286 3090 1405 3152 Amen.
1430 3085 1550 3149 Amen.

366 3176 422 3258 (R)
446 3175 520 3258 Ego
544 3179 712 3239 Honorius
736 3176 897 3240 catholice
920 3177 1057 3240 ecclesie
1081 3181 1257 3260 episcopus
1281 3200 1323 3242 ss.
1348 3178 1413 3261 (Ml

411 3268 483 3348 Ego
508 3266 646 3328 Ioannes
670 3264 831 3329 Ostiensis
855 3269 1033 3371 episcopus
1056 3287 1097 3328 ss

367 3353 386 3436 †
410 3356 483 3438 Ego
507 3356 679 3418 Conradus
703 3353 887 3418 Savinensis
912 3358 1089 3439 episcopus
1112 3377 1153 3418 ss

367 3442 386 3525 †
411 3445 482 3527 Fgo
508 3443 577 3506 GG.
603 3443 803 3526 (Gregorius)
827 3445 990 3526 presbiter
1014 3446 1184 3509 cardinalis
1207 3447 1254 3506 tit.
1279 3442 1518 3526 Apostolorum
1543 3463 1584 3505 ss

367 3530 386 3613 †
410 3533 483 3615 Ego
507 3533 691 3596 Deusdedit
714 3533 883 3596 cardinalis
905 3535 989 3597 tituli
1012 3537 1115 3598 sancti
1138 3535 1304 3598 Laurentii
1329 3554 1371 3595 ss

367 3620 386 3703 †
410 3622 482 3703 Ego
506 3619 650 3685 Ubertus
674 3623 837 3704 presbiter
860 3623 1028 3686 cardinalis
1052 3626 1099 3686 tit.
1124 3627 1226 3686 sancti
1252 3621 1427 3685 Clementis
1451 3642 1491 3683 ss.

367 3709 386 3791 i
410 3710 483 3792 Ego
508 3710 686 3793 Gregorius
710 3712 865 3775 diaconus
889 3713 1062 3776 cardinalis
1085 3722 1272 3776 sanctorum
1297 3709 1401 3793 Sergii
1427 3720 1460 3772 et
1482 3708 1585 3772 Bachi
1609 3728 1650 3770 ss.

314 3798 389 3862 Dat.
413 3800 575 3875 Laterani,
600 3821 659 3883 per
683 3821 813 3863 manum
838 3800 1001 3877 Aimerici,
1032 3811 1144 3865 sancte
1166 3802 1314 3864 Romane
1340 3801 1476 3863 ecclesie
1501 3799 1631 3861 diaconi
1656 3793 1831 3859 cardinalis

153 3894 187 3946 et
218 3887 406 3951 cancellarii.
447 3904 510 3952 xm
534 3888 587 3952 Kl.
612 3890 698 3952 Maii.
744 3889 922 3953 Indictione
953 3903 1011 3954 vil.
1066 3890 1299 3953 lucarnationis
1330 3892 1494 3953 dominice
1525 3909 1611 3950 anno
1643 3897 1831 3947 MCxxvnfl.

155 3973 366 4040 Pontificatus
389 3988 498 4041 autem
523 3978 635 4041 domni
659 3979 797 4042 Honorii
819 3980 953 4041 secundi
977 3982 1035 4043 ΡΡ.
1059 4001 1145 4043 anno
1169 3993 1200 4040 v.

312 4093 437 4158 Absehrrse
453 4110 508 4142 vam
531 4097 560 4142 17
584 4094 675 4158 Jahrb.
693 4095 733 4142 des
751 4094 824 4142 liber
841 4094 921 4158 Niger
933 4101 994 4158 sur
980 4097 1020 4153 68,
1040 4096 1066 4143 r'n
1087 4094 1240 4144 Priratbesr'lz
1255 4111 1285 4142 au
1303 4094 1384 4143 Iliam.

315 4167 375 4212 dota
394 4166 435 4213 Nr
456 4170 468 4214 1
488 4167 543 4214 und
555 4164 724 4230 Maerogramm
743 4166 784 4214 Nr
801 4166 833 4215 2⁶
851 4166 908 4214 sind
924 4166 1091 4231 leigereiehnel.

911 4451 977 4525 Nr.
1009 4456 1070 4526 38.

156 4582 310 4646 Innocena
329 4582 371 4645 II
389 4580 539 4664 baste'itrg!
560 4582 632 4644 deret
658 4574 794 4666 Ka‘pr'tel
816 4605 876 4647 van
900 4582 933 4647 S.
955 4583 1093 4665 Georgia
1113 4583 1152 4645 a'i
1168 4583 1281 4645 Prada
1308 4583 1363 4646 a'e'e
1384 4581 1563 4646 demselben
1583 4599 1655 4642 varra
1682 4574 1833 4656 Bischase

594 4671 747 4736 Bernard
758 4694 819 4736 von
844 4672 965 4736 Verona
980 4673 1194 4736 e'e'beraor'esene
1212 4671 1336 4735 Geaoale
1352 4673 1388 4753 ²).

760 4792 846 4851 1132
861 4788 949 4863 June·
962 4792 1014 4850 30.
1054 4788 1221 4851 Placereaa.

313 4907 520 4969 Innocentius
544 4906 727 4987 episcopus,
758 4925 870 4968 servus
902 4925 1069 4967 servorum
1102 4904 1163 4978 dei,
1195 4903 1317 4967 dilecto
1350 4903 1416 4966 filio
1439 4903 1625 4984 Peregrino,
1659 4901 1832 4982 preposito

155 4997 293 5083 ecclesie
316 4994 419 5057 sancti
444 4993 576 5076 Georgii
603 4997 756 5072 martiriS,
788 5014 852 5099 que
884 4996 914 5056 in
946 4993 1038 5069 loco,
1070 4993 1123 5055 ubi
1156 4994 1274 5055 dicitur
1307 4995 1441 5066 Braida,
1473 4992 1533 5053 sita
1562 4998 1620 5064 est,
1653 4998 1687 5051 et
1717 4988 1833 5052 ceteris

155 5086 343 5148 fratribus'
336 5107 367 5147 in
399 5085 515 5146 eadem
547 5083 685 5146 ecclesia
709 5087 901 5146 canonicam
924 5083 1022 5145 vitam
1055 5082 1227 5165 professis,
1259 5092 1326 5146 tam
1356 5080 1559 5165 presentibus
1588 5098 1751 5158 quamu
1718 5078 1767 5140 sut
1754 5078 1832 5139 turis

155 5188 192 5236 ΙΝ
215 5187 292 5237 ΡΡΜ.
327 5172 433 5236 Officii
469 5173 568 5236 nostri
600 5194 660 5236 nos
692 5182 815 5235 ortatur
847 5174 1023 5234 auctoritas
1055 5179 1115 5233 etc.
1170 5173 1272 5235 Porro
1304 5192 1434 5235 omnem
1476 5177 1693 5251 potestatem,
1732 5186 1831 5246 quam

153 5263 349 5327 venerabilis
373 5262 471 5326 irater
495 5269 613 5335 noster,
645 5263 830 5325 Bernardus
855 5263 1031 5343 episcopus
1048 5260 1116 5341 ⁸),
1110 5280 1140 5321 in
1165 5261 1282 5323 eadem
1306 5261 1451 5323 habebat
1475 5258 1623 5331 ecclesia,
1654 5256 1749 5319 vobis
1774 5274 1833 5338 per

154 5355 267 5435 scripti
290 5355 338 5416 sui
363 5352 514 5436 paginam
538 5349 721 5426 refutatam,
746 5371 876 5414 omnem
902 5350 998 5413 etiam
1023 5348 1215 5425 libertatern,
1239 5351 1332 5413 vobis
1353 5351 1471 5412 eodem
1489 5349 1614 5428 scripto
1631 5365 1832 5417 concessam,

156 5488 208 5494 ...ο
220 5489 291 5494 .-.-
308 5490 328 5494 ..-
355 5485 576 5493 .--..--—-—·—

318 5552 343 5615 1)
362 5547 410 5596 Die
426 5545 551 5610 Abschrr'se
568 5545 644 5593 dieser
664 5544 724 5593 Ura.
742 5545 863 5594 aerdanke
881 5545 918 5593 ich
942 5545 1027 5594 Herrn
1046 5545 1133 5593 Pastor
1149 5543 1184 5592 M
1186 5544 1264 5592 aa'er
1283 5544 1308 5592 r'n
1327 5543 1408 5594 Iliam.
1501 5543 1528 5603 2)
1547 5542 1595 5590 Die
1612 5541 1738 5606 Absehrr'st
1758 5540 1834 5589 dieser

159 5617 276 5667 areunae
301 5618 421 5668 verdanlee
454 5618 491 5667 ich
522 5617 601 5666 durch
632 5617 804 5682 t'emirreaung
834 5617 873 5665 des
901 5616 985 5666 Herm
1021 5616 1116 5681 Grafen
1148 5616 1174 5663 C.
1204 5616 1295 5679 Chaalla
1322 5617 1374 5665 dem
1401 5616 1485 5666 Herrn
1519 5612 1728 5662 Vieebs'bliothekar
1756 5612 1835 5661 li'eera

154 5691 331 5755 Sgrrlm'era
344 5696 378 5738 ἐκ
404 5691 502 5739 Verona.
577 5691 603 5755 3)
625 5688 745 5747 Bernard,
765 5687 868 5753 Biscelos
880 5703 928 5736 von
945 5688 1043 5747 Verona,
1066 5687 1246 5737 1123-1136.
