3982 6194
1787 279 1828 374 4'5

157 485 326 567 largitione
350 503 465 566 regum
486 481 539 545 vel
563 480 757 564 principum,
790 477 959 543 oblatione
988 479 1134 543 fidelium
1157 472 1214 544 seu
1246 480 1317 544 aliis
1339 480 1429 544 iustis
1452 480 1561 544 modis
1593 481 1656 545 deo
1684 482 1831 565 propitio

156 574 304 657 poteritis
327 573 476 656 adipisci,
501 571 594 634 firma
616 570 712 633 vobis
734 569 916 650 vestrisque
931 569 1172 633 successoribus
1188 580 1221 633 et
1241 570 1366 634 illibata
1381 581 1605 652 permaneant.
1651 572 1689 634 In
1713 573 1831 654 quibus

157 666 213 727 hec
237 664 382 746 propriis
406 663 558 725 duximus
582 659 799 741 exprimenda
821 658 1007 724 vocabulis:
1047 670 1197 741 quartam
1226 670 1354 742 partem
1386 660 1586 723 decimarum
1617 670 1650 724 et
1682 672 1832 742 quartam

155 763 282 836 partem
306 754 441 838 antique
464 750 681 836 possessionis
704 749 806 831 ipsius
829 747 978 825 ecclesie,
1011 749 1206 826 oblationes,
1232 769 1295 836 que
1319 750 1351 812 in
1380 750 1453 831 ipsa
1476 750 1614 813 ecclesia
1638 771 1657 813 a
1681 751 1832 814 fidelibus

155 843 343 905 offeruntur.
391 840 692 904 Commutationem
716 857 849 919 quoque
871 847 964 914 terre,
996 859 1060 926 que
1084 840 1174 901 iuxta
1197 840 1338 902 eandem
1361 838 1533 902 ecclesiam
1555 840 1618 903 sita
1641 849 1699 916 est,
1732 861 1831 922 quam

154 953 213 1015 pro
231 930 422 1014 plantandis
438 930 540 992 vineis
556 948 631 992 cum
654 928 821 990 canonicis
844 928 976 991 maioris
999 928 1221 992 Terdonensis
1232 928 1259 1001 1)
1283 928 1419 991 ecclesie
1442 929 1678 992 rationabiliter
1701 929 1830 1006 fecistis,

154 1032 259 1085 ratam
276 1041 410 1084 manere
434 1039 612 1083 censemus.
658 1016 745 1081 Sane
769 1016 919 1080 laborum
934 1027 1124 1093 vestrorum,
1149 1038 1232 1100 quos
1252 1019 1393 1100 propriis
1409 1018 1560 1082 manibus
1576 1028 1631 1081 aut
1646 1020 1832 1102 sumptibus

154 1110 270 1186 colitis,
301 1112 370 1174 sive
401 1110 443 1173 de
474 1107 676 1171 nutrimentis
708 1117 891 1169 vestrorum
925 1107 1129 1183 animalium,
1169 1107 1274 1170 nullus
1312 1108 1447 1170 omnino
1482 1108 1616 1171 clericus
1649 1108 1701 1171 vel
1731 1110 1832 1171 laicus

154 1201 300 1264 decimas
325 1220 345 1262 a
366 1199 462 1263 vobis
485 1199 616 1279 exigere
640 1206 814 1278 presumat.
861 1196 1016 1260 Obeunte
1038 1216 1116 1260 vero
1140 1206 1181 1272 te,
1210 1217 1296 1259 nunc
1320 1197 1466 1260 eiusdem
1489 1197 1552 1260 loci
1576 1199 1755 1279 preposito,
1779 1197 1831 1260 vel

154 1302 285 1354 tuorum
310 1289 460 1371 quolibet
482 1305 714 1362 successorum,
746 1285 852 1348 nullus
880 1285 925 1348 ibi
951 1286 1098 1367 qualibet
1120 1287 1332 1367 surreptionis
1355 1288 1475 1349 astutia
1504 1286 1557 1350 vel
1579 1287 1736 1350 violentia
1760 1308 1830 1369 pre·

153 1389 307 1462 ponatur,
339 1379 398 1442 sed
431 1378 526 1440 liceat
555 1376 660 1451 vobis,
693 1376 859 1438 communi
890 1375 1027 1438 consilio
1049 1376 1102 1438 vel
1132 1376 1217 1456 parti
1242 1376 1367 1438 consilii
1399 1376 1537 1438 sanioris
1568 1376 1749 1439 secundum
1778 1376 1829 1440 dei

153 1470 308 1532 timorem
337 1475 370 1531 et
398 1467 487 1530 beati
511 1465 687 1547 Augustini
722 1464 868 1545 regulam
899 1464 1026 1545 absque
1058 1464 1152 1527 ullius
1183 1465 1443 1559 contradictione
1473 1465 1679 1547 prepositum
1702 1466 1829 1547 eligere.

154 1559 372 1621 Decemimus
394 1577 483 1638 ergo,
515 1565 550 1619 ut
580 1555 658 1618 nulli
688 1554 824 1616 omnino
847 1550 1018 1616 hominum
1042 1553 1145 1630 liceat,
1178 1555 1242 1616 iam
1266 1555 1389 1617 dictam
1412 1554 1584 1617 ecclesiam
1614 1564 1736 1618 temere
1760 1575 1830 1637 per·

153 1647 286 1711 turbare
318 1656 374 1709 aut
404 1647 472 1709 eius
503 1645 728 1726 possessiones
760 1644 885 1706 auferre
915 1643 967 1707 vel
1000 1643 1127 1706 ablatas
1158 1645 1311 1720 retinere,
1352 1645 1497 1706 minuere
1535 1664 1591 1707 seu
1631 1644 1832 1726 quibuslibet

153 1736 315 1800 molestiis
338 1736 483 1818 fatigare,
513 1734 572 1797 sed
596 1734 708 1796 omnia
731 1734 858 1814 integra
881 1742 1112 1796 conserventur
1135 1753 1257 1809 eorum,
1288 1753 1349 1815 pro
1374 1754 1513 1815 quorum
1536 1733 1775 1815 gubernatione
1798 1743 1832 1796 et

153 1826 394 1889 sustentatione
427 1844 583 1888 concessa
614 1833 706 1899 sunt,
740 1822 851 1886 usibus
884 1822 1085 1885 omnimodis
1114 1822 1298 1904 profutura,
1330 1823 1421 1885 salva
1443 1823 1665 1886 Terdonensis
1694 1823 1831 1887 ecclesie

154 1917 317 1979 canonica
339 1915 461 1978 iustitia
484 1923 517 1977 et
535 1912 566 1994 ει)
590 1912 773 1995 apostolice
794 1911 882 1974 sedis
898 1913 1086 1975 reverentia.
1133 1910 1167 1975 Si
1192 1933 1257 1993 qua
1273 1913 1370 1994 igitur
1385 1913 1417 1975 in
1438 1913 1581 1975 futurum
1611 1911 1831 1976 ecclesiastica

153 2006 349 2068 secularisve
373 2024 523 2086 persona,
546 2002 632 2066 hanc
655 2011 766 2064 nostre
786 2000 1028 2064 constitutionis
1044 2001 1201 2083 paginam
1223 2002 1338 2078 sciens,
1362 2011 1477 2065 contra
1492 2022 1566 2065 eam
1582 2011 1705 2065 temere
1720 2003 1831 2065 venire

152 2094 381 2176 temptaverit,
417 2092 562 2156 secundo
596 2093 735 2155 tertiove
765 2091 984 2167 commonita,
1016 2091 1042 2153 si
1072 2111 1139 2153 non
1170 2091 1393 2154 satisfactione
1425 2111 1569 2173 congrua
1599 2091 1831 2167 emendaverit,

153 2185 331 2266 potestatis
348 2182 381 2265 b)
417 2182 618 2263 honorisque
648 2182 696 2243 sui
730 2180 890 2262 dignitate
922 2190 1031 2243 careat
1068 2200 1222 2261 reamque
1254 2201 1289 2243 se
1323 2181 1435 2243 divino
1467 2181 1587 2243 iudicio
1618 2181 1757 2243 existere
1789 2180 1831 2243 de

154 2283 345 2356 perpetrata
369 2273 540 2353 iniquitate
571 2279 760 2352 cognoscat,
790 2279 825 2332 et
847 2290 867 2331 a
889 2270 1108 2333 sacratissimo
1133 2290 1272 2350 corpore
1303 2290 1342 2332 ac
1371 2271 1529 2353 sanguine
1553 2270 1605 2333 dei
1635 2279 1669 2332 et
1696 2270 1830 2345 domini,

155 2363 376 2444 redemptoris
399 2363 502 2424 nostri
525 2362 596 2424 Iesu
621 2359 750 2435 Christi,
782 2358 977 2433 alienafiat,
1009 2368 1108 2440 atque
1131 2359 1164 2421 in
1197 2369 1344 2422 extremo
1368 2360 1519 2422 examine
1548 2359 1693 2422 districte
1716 2360 1831 2422 ultioni

154 2452 332 2515 subiaceat.
380 2449 513 2515 Cunctis
545 2458 664 2525 autem,
696 2449 804 2512 eidem
834 2448 910 2511 loco
941 2448 1024 2510 iusta
1046 2447 1260 2525 servantibus,
1288 2444 1293 2533 Ι
1321 2449 1364 2512 sit
1393 2469 1461 2530 pax
1485 2448 1609 2511 domini
1634 2449 1735 2511 nostri
1758 2449 1830 2511 Iesu

155 2541 282 2618 Christi,
317 2541 471 2623 quatinus
495 2548 528 2602 et
551 2539 604 2602 hic
629 2538 767 2601 fructum
790 2537 879 2601 bone
906 2538 1045 2600 actionis
1075 2538 1260 2619 percipiant
1292 2548 1325 2601 et
1357 2538 1445 2620 apud
1477 2539 1659 2601 districtum
1689 2537 1831 2600 iudicem

155 2632 279 2713 premia
305 2641 418 2693 eterne
441 2630 533 2711 pacis
556 2628 731 2691 inveniant.
776 2626 896 2691 Amen.
918 2661 961 2672 —
986 2626 1075 2689 Am.
1100 2626 1177 2689 Am.
1199 2662 1243 2673 —

371 2720 433 2793 (Rl
457 2719 531 2801 Ego
555 2717 737 2781 Celestinus
760 2714 921 2802 catholice
944 2716 1081 2803 ecclesie
1104 2716 1280 2799 episcopus
1303 2738 1344 2781 ss.
1369 2718 1437 2798 (M)

370 2811 391 2888 †
414 2809 487 2890 Ego
512 2807 682 2871 Conradus
706 2805 896 2870 Sabinensis
920 2806 1095 2888 episcopus
1118 2827 1158 2869 ss.

370 2900 392 2977 †
414 2898 488 2980 Ego
512 2896 754 2960 Theodewinus
776 2905 890 2958 sancte
912 2895 1031 2958 Rufine
1054 2896 1229 2977 episcopus
1252 2916 1292 2958 ss.

370 2989 391 3066 †
414 2988 488 3068 Ego
511 2984 686 3049 Albericus
708 2985 894 3048 Hostiensis
917 2985 1092 3067 episcopus
1115 3005 1157 3047 ss.

371 3071 393 3157 †
415 3077 489 3158 Ego
512 3073 701 3157 Stephanus
722 3075 930 3137 Prenestinus
954 3074 1130 3156 episcopus
1153 3094 1194 3136 ss.
1219 3075 1272 3153 (5)

370 3200 415 3211 -
439 3163 459 3246 †
482 3167 556 3247 Ego
580 3164 685 3228 Goizo
709 3163 871 3246 presbiter
893 3163 1066 3226 cardinalis
1089 3164 1137 3226 tit.
1162 3174 1274 3227 sancte
1299 3161 1418 3227 Cecilie
1442 3185 1483 3226 ss.

371 3253 392 3337 †
415 3256 489 3336 Ego
512 3251 660 3317 Thomas
683 3253 845 3335 presbiter
868 3252 1040 3316 cardinalis
1064 3254 1111 3316 tit.
1134 3253 1272 3316 Vestine
1294 3274 1335 3315 ss.
1359 3251 1458 3334 (1¹l2)

371 3342 392 3427 †
416 3345 489 3426 Ego
513 3344 627 3407 Petrus
650 3342 823 3406 cardinalis
846 3342 1007 3424 presbiter
1030 3343 1077 3405 tit.
1101 3351 1213 3427 sancte
1236 3341 1384 3428 Susanne
1408 3363 1449 3405 ss.
1473 3339 1485 3410 l
1510 3341 1532 3422 ).

372 3429 393 3515 †
416 3435 490 3515 Ego
514 3433 624 3498 Guido
647 3431 809 3514 presbiter
832 3432 1004 3494 cardinalis
1028 3433 1076 3494 tit.
1099 3432 1202 3494 sancti
1218 3432 1385 3494 Laurentii
1409 3431 1442 3494 in
1465 3432 1611 3495 Damaso
1625 3455 1668 3496 ss.
1685 3435 1749 3511 (1¹l
1765 3434 1787 3511 ).

370 3557 416 3569 -
439 3519 459 3605 †
482 3524 557 3603 Ego
581 3521 758 3603 Gregorius
782 3522 939 3584 diaconus
962 3521 1135 3584 cardinalis
1157 3530 1344 3584 sanctorum
1369 3519 1473 3602 Sergii
1497 3530 1531 3584 et
1552 3521 1656 3585 Bachi
1679 3545 1720 3588 ss.

371 3613 392 3691 †
415 3613 489 3694 Ego
513 3612 596 3676 Otto
620 3611 777 3674 diaconus
800 3610 972 3673 cardinalis
995 3612 1098 3673 sancti
1122 3610 1255 3692 Georgii
1279 3611 1321 3672 ad
1344 3609 1463 3673 Velum
1488 3630 1621 3674 aureum
1643 3632 1684 3677 ss

371 3704 393 3781 †
414 3703 488 3784 Ego
512 3700 622 3765 Guido
647 3701 804 3763 diaconus
826 3700 1000 3762 cardinalis
1022 3709 1210 3762 sanctorum
1234 3699 1353 3764 Cosme
1377 3709 1409 3763 et
1432 3699 1586 3764 Damiani
1609 3722 1650 3765 ss.

370 3792 393 3869 †
415 3792 488 3873 Ego
513 3790 677 3855 Gerardus
700 3791 858 3853 diaconus
881 3789 1055 3852 cardinalis
1077 3799 1189 3875 sancte
1213 3791 1316 3877 Marie
1340 3791 1373 3852 in
1396 3789 1561 3852 Domnica
1584 3811 1624 3853 ss.

372 3882 393 3960 'r
416 3881 489 3963 Ego
513 3879 675 3943 lohannes
699 3899 824 3961 paparo
850 3879 1007 3942 diaconus
1031 3879 1203 3942 cardinalis
1226 3879 1329 3942 sancti
1353 3878 1491 3941 Adriani
1515 3900 1556 3942 ss.

373 3967 393 4051 †
416 3971 490 4050 Ego
514 3969 691 4051 Gregorius
715 3969 872 4032 diaconus
896 3969 1068 4032 cardinalis
1091 3969 1193 4031 sancti
1217 3968 1338 4050 Angeli
1361 3989 1402 4031 ss.

371 4061 401 4138 'r¹
415 4060 489 4139 Ego
512 4059 612 4140 Hugo
635 4052 786 4121 Roinane
810 4059 947 4121 ecclesie
971 4058 1128 4120 diaconus
1152 4058 1184 4119 in
1214 4068 1328 4121 sancta
1349 4057 1452 4120 Lucia
1479 4057 1512 4119 in
1536 4056 1696 4140 Horphea
1717 4080 1758 4122 ss.
1785 4061 1831 4140 (3)

316 4150 395 4211 Dat.
418 4149 580 4223 Laterani,
612 4169 671 4230 per
702 4167 834 4210 manum
858 4147 1038 4224 GERARDI,
1067 4156 1181 4210 sancte
1210 4148 1362 4210 Romane
1394 4146 1530 4210 ecclesie
1562 4146 1733 4229 presbiteri
1765 4169 1831 4211 car·

157 4239 273 4302 dinalis
313 4258 353 4300 ac
389 4237 639 4302 bibliothecarii.
692 4251 754 4299 xvl
786 4235 840 4299 Kl.
872 4238 991 4300 Martii.
1051 4236 1234 4299 Indictione
1272 4248 1331 4299 vn.
1392 4235 1629 4300 lncarnationis
1667 4237 1832 4300 dominice

156 4349 242 4392 anno
267 4339 418 4389 MCXLIII.
464 4325 677 4390 Pontificatus
700 4346 777 4389 vero
803 4327 916 4389 domni
941 4325 1094 4390 Celestini
1119 4346 1175 4407 pp.
1198 4339 1223 4388 ΙΙ
1248 4345 1335 4388 anno
1359 4325 1476 4407 prim0.

321 4440 364 4489 Or.
384 4439 492 4499 (Vcscov.
511 4440 538 4489 di
558 4439 670 4499 Tariona,
690 4438 773 4489 Marso
791 4443 805 4488 1
823 4440 866 4489 Nr
882 4442 916 4504 1),
935 4440 969 4488 im
986 4439 1101 4490 Arcltr'rn'o
1118 4440 1145 4488 di
1162 4439 1228 4488 Staio
1246 4454 1275 4486 tu
1297 4436 1384 4488 Tutin.

320 4512 389 4578 Perg.
403 4512 464 4571 rial,
481 4512 517 4560 br.
530 4514 616 4571 0,465,
635 4513 695 4577 lang
706 4514 793 4572 0,665,
812 4519 886 4561 unten
905 4513 985 4571 0,023
1003 4511 1191 4577 umgrsrfflrgm,
1215 4509 1293 4559 durch
1311 4509 1368 4559 πυιί
1385 4510 1477 4560 Licher
1489 4509 1553 4578 ging
1569 4509 1606 4560 die
1623 4511 1728 4571 Schnur,
1747 4512 1834 4561 welche

156 4586 200 4634 mit
216 4585 270 4633 dem
298 4584 424 4649 Bler'siegel
447 4585 562 4633 verloren.
599 4583 704 4649 Faltrmg
732 4583 776 4632 der
792 4583 888 4632 Bullen.
929 4583 1041 4632 Initiale:
1067 4582 1235 4648 eingeknirktes
1261 4581 1470 4647 temorgehabmes
1493 4583 1527 4646 C,
1556 4583 1600 4632 mit
1622 4583 1776 4648 cingerentur
1801 4584 1831 4634 E.

156 4658 204 4705 Dic
232 4655 452 4705 Gitterbuclrstabm
470 4655 514 4704 der
535 4663 611 4704 ersten
635 4654 697 4704 Zeile
720 4656 987 4721 mammengedrdngt,
1015 4655 1155 4704 Celestinus
1173 4655 1206 4703 im
1224 4671 1252 4705 ns
1278 4655 1417 4721 argelum,
1443 4655 1481 4704 die
1502 4656 1649 4718 Oberlringen
1666 4654 1733 4703 kun.
1776 4655 1833 4704 Ver·

155 4728 267 4793 arrigung
284 4727 332 4776 Nr.
342 4727 404 4786 41⁸,
423 4726 502 4792 wemg
517 4727 593 4776 betont
608 4727 664 4775 und
678 4725 759 4791 knopp
775 4730 836 4790 0,οῗ
847 4727 960 4792 fiilleml.
997 4726 1137 4792 Majuskeln
1154 4726 1187 4775 im
1200 4726 1341 4790 Kournpte
1357 4727 1440 4786 belone,
1459 4744 1499 4775 am
1512 4725 1624 4774 Schlussc
1640 4726 1713 4790 dsters
1729 4727 1834 4792 liegende

155 4800 264 4858 Raude,
291 4799 329 4847 die
351 4798 599 4864 Verbindungsbalken
622 4814 669 4847 von
687 4804 710 4847 st
734 4799 830 4847 undet
854 4798 958 4848 rr'emlicli
981 4798 1048 4858 kim,
1074 4797 1153 4862 gmit
1171 4797 1363 4864 Schlcr‘senrattel.
1399 4800 1476 4847 Amen
1500 4797 1548 4847 Nr.
1567 4794 1620 4847 61¹.
1655 4799 1719 4846 Rota
1740 4798 1786 4847 Nr.
1809 4802 1833 4855 1,

155 4873 188 4919 im
207 4870 386 4920 Durchnusser
402 4872 486 4930 0,056,
511 4886 559 4919 von
577 4870 621 4919 der
642 4872 722 4919 letrten
740 4870 802 4919 Zeile
820 4871 908 4930 0,009.
946 4868 1115 4936 Monogramm
1133 4869 1181 4921 Nr.
1204 4873 1238 4929 1⁰,
1265 4870 1301 4919 br.
1320 4869 1404 4929 0,031,
1426 4867 1486 4917 koch
1504 4869 1591 4931 0,046,
1615 4884 1664 4918 von
1687 4869 1730 4919 der
1752 4871 1834 4919 lernen

156 4944 219 4992 Zeile
245 4959 266 4992 c.
285 4943 373 5001 0,018.
410 4942 553 5007 Rr'ngkreur,
572 4942 593 4991 E
611 4943 667 4990 und
683 4957 707 4990 ss
730 4941 766 4990 bei
792 4942 881 4991 medem
908 4941 992 4991 hellen
1015 4942 1090 4991 Dinte
1118 4943 1155 4991 als
1182 4940 1219 4989 die
1244 4940 1418 5006 Unterschn'st,
1445 4939 1531 4990 welche
1556 4954 1604 4989 von
1631 4941 1674 4990 der
1691 4941 1768 4990 Dintc
1792 4942 1834 4992 des

154 5015 309 5078 Konscn'ptcs
333 5013 455 5073 imbri,
472 5015 532 5080 jmc
553 5013 632 5063 Theilc
654 5013 718 5062 auch
739 5013 868 5063 schwcrm
885 5012 970 5062 Hand.
1011 5013 1147 5078 Unuchn'jl
1162 5019 1235 5062 eteros
1259 5012 1373 5061 dunelm
1391 5011 1466 5061 Dr'nte
1488 5013 1526 5060 als
1550 5011 1595 5061 dar
1612 5012 1766 5078 Rngkrm
1790 5013 1835 5062 mit

154 5089 269 5136 letarum
288 5084 368 5152 gleich
390 5085 480 5134 scierint
503 5085 539 5134 die
557 5086 632 5135 Dinte
654 5087 698 5135 der
722 5085 849 5152 Datimng
864 5102 894 5134 m
912 5085 968 5145 sein,
995 5085 1054 5135 doch
1072 5085 1177 5135 leichtere
1195 5084 1279 5147 Hand,
1304 5082 1420 5133 viellcr'cht
1433 5082 1523 5150 gleiclu
1547 5083 1592 5132 mit
1613 5084 1666 5132 dem
1684 5085 1832 5148 Konscripte,

155 5158 262 5208 Gerardi
278 5173 328 5207 von
347 5157 478 5205 drcnklerer
493 5157 569 5207 Dima
584 5157 740 5223 tingetmgen.
778 5157 826 5206 Die
844 5157 1024 5224 Zeugenfirmm
1048 5157 1139 5207 ruben
1155 5158 1203 5206 alle
1220 5172 1268 5204 von
1281 5155 1387 5221 gleicher
1403 5156 1507 5205 dunklaer
1523 5155 1599 5206 Dinte
1616 5156 1666 5218 her,
1690 5157 1716 5224 ip
1733 5157 1833 5222 wr'esem

153 5246 204 5279 vim
216 5229 322 5296 gleicher
338 5228 425 5290 Hand,
444 5230 503 5277 liissr
519 5229 569 5277 rich
586 5229 653 5278 nicht
668 5228 821 5279 melachim.

315 5461 342 5522 a)
360 5458 422 5509 stelit
437 5459 494 5510 arvei
510 5461 564 5510 mal
633 5459 660 5526 b)
679 5459 803 5510 theilweisc
818 5467 866 5526 aus
883 5462 974 5510 Rasur.
992 5497 1042 5504 -
1063 5459 1098 5524 .1)
1122 5457 1233 5509 Tariona.
