3982 6194
1679 286 1716 350 31

136 476 254 537 imque
283 457 372 519 bona
404 458 521 520 eadem
554 455 693 518 ecclesia
724 458 755 518 in
779 459 1032 538 praesentiarum
1065 459 1149 520 iuste
1179 467 1212 518 et
1242 459 1397 520 canonice
1429 457 1591 537 possidet,
1629 457 1720 520 firma

162 549 349 625 vestrisque
372 545 615 609 successoribus
640 554 672 607 et
704 544 826 608 illibata
857 555 1078 629 permaneant.
1124 547 1160 608 ln
1192 546 1309 627 quibus
1341 545 1422 609 haec
1455 549 1630 629 praecipue
1661 567 1721 609 nos

136 655 197 696 nus
224 636 448 716 exprimenda,
471 634 623 697 videlicet
648 634 818 698 ecclesiam
836 639 939 699 sancti
955 638 1083 700 loannis
1105 636 1147 698 de
1168 643 1274 697 castro
1289 634 1455 698 Albanino
1472 655 1545 697 cum
1570 636 1721 698 omnibus

136 745 183 786 am
210 726 454 806 pertinentibus,
486 733 519 786 et
544 744 627 805 quae
655 723 783 786 habetis
808 727 839 787 in
863 728 1058 807 pertinentia
1081 725 1226 788 eiusdem
1251 725 1354 798 castri,
1378 725 1408 786 in
1432 725 1532 797 terris,
1563 727 1665 787 vineis
1689 733 1722 787 et

136 834 154 886 s,
182 814 357 876 ecclesiam
381 816 484 876 sancti
500 814 665 876 Laurentii
690 814 732 875 de
757 824 864 878 castro
880 815 1008 878 Bulone
1031 835 1105 877 cum
1123 814 1274 877 omnibus
1290 815 1493 895 pertinentiis
1513 813 1587 888 suis,
1610 823 1720 887 terras,

139 923 155 963 s
180 913 214 964 et
237 903 357 984 sylvas,
382 923 463 982 quas
487 905 517 964 in
541 905 705 965 territorio
731 903 874 966 eiusdem
900 907 995 967 castri
1019 902 1156 979 habetis
1181 905 1351 965 ecclesiam
1376 912 1507 965 sanctae
1531 902 1655 965 Mariae
1679 904 1721 965 de

136 1013 180 1054 no
205 1013 278 1054 cum
304 993 404 1066 terris,
436 994 539 1055 vineis
572 1001 604 1054 et
634 993 734 1071 sylvis
766 1001 799 1055 et
829 992 981 1056 omnibus
1013 1005 1079 1056 tam
1108 991 1283 1055 mobilibus
1307 1012 1405 1073 quam
1430 991 1655 1055 immobilibus
1678 993 1720 1054 ad

135 1082 388 1162 pertinentibus,
411 1081 580 1145 ecclesiam
598 1084 699 1144 sancti
715 1082 878 1145 Anastasii
894 1084 937 1145 de
952 1082 1173 1155 Lumbriceto,
1194 1089 1226 1143 et
1241 1082 1318 1161 quid
1335 1080 1463 1143 habetis
1479 1083 1509 1143 in
1527 1082 1720 1162 pertinentia

136 1172 279 1232 ssancti
302 1172 392 1233 Pauli
417 1179 449 1233 et
473 1173 504 1233 in
528 1179 635 1233 castro
659 1169 805 1233 Cisterna
837 1180 868 1233 et
898 1172 929 1234 in
962 1172 1163 1255 pertinentiis
1194 1173 1272 1245 eiuS,
1304 1171 1475 1233 ecclesiam
1507 1171 1610 1232 sancti
1635 1170 1720 1233 Petri

138 1259 257 1322 ollibus
281 1281 354 1322 curn
379 1263 481 1334 terris,
504 1262 617 1335 vineis,
640 1260 727 1323 silvis
751 1269 784 1323 et
808 1261 960 1325 omnibus
983 1262 1025 1323 ad
1051 1281 1122 1324 earn
1147 1260 1393 1342 pertinentibus,
1419 1259 1598 1332 ecclesiam,
1623 1278 1720 1338 quam

136 1350 176 1410 tis
209 1350 239 1410 in
270 1357 377 1412 castro
408 1350 509 1412 sancti
542 1345 669 1412 Gemini
700 1351 750 1412 vel
782 1350 877 1413 titulo
907 1351 982 1413 eius.
1038 1348 1275 1431 Quaecumque
1306 1357 1475 1431 praeterea
1505 1350 1536 1411 in
1570 1347 1721 1422 futurum,

136 1446 207 1500 ente
230 1440 305 1512 deo,
329 1439 540 1501 concessione
564 1437 766 1520 pontificum,
791 1438 980 1502 liberalitate
1005 1460 1127 1522 regum,
1155 1439 1304 1520 largitate
1329 1440 1521 1520 principum,
1553 1437 1722 1500 oblatione

139 1549 193 1589 um
218 1546 275 1589 seu
299 1528 367 1589 aliis
391 1530 482 1590 iustis
506 1528 613 1590 modis
641 1531 790 1609 poteritis
821 1529 965 1611 adipisci,
997 1531 1121 1611 integra
1152 1528 1246 1589 vobis
1279 1536 1312 1590 et
1343 1527 1465 1589 illibata
1498 1536 1722 1608 permaneant,

150 1619 331 1679 reverentia
347 1615 536 1679 Narniensis
553 1618 709 1699 episcopi.
741 1618 954 1681 Decernimus
970 1639 1058 1700 ergo,
1083 1627 1117 1679 ut
1141 1615 1232 1679 nullis
1256 1615 1426 1679 hominum
1444 1616 1548 1690 liceat,
1571 1618 1721 1679 eamdem

138 1708 218 1768 siam
244 1715 368 1768 temere
385 1708 576 1788 perturbare
600 1715 656 1768 aut
676 1707 743 1769 eius
760 1709 1001 1789 possessionem
1027 1706 1154 1770 auferre
1178 1706 1229 1768 vel
1249 1705 1374 1768 ablatas
1399 1707 1551 1780 retinere,
1576 1708 1721 1768 minuere

137 1797 304 1857 emerariis
328 1796 556 1859 vexationibus
579 1795 722 1877 fatigare,
753 1798 811 1859 sed
843 1798 952 1859 omnia
976 1798 1101 1878 integre
1125 1804 1356 1858 conserventur
1378 1803 1443 1858 tam
1468 1796 1592 1868 vestris,
1624 1814 1721 1873 quam

137 1905 227 1946 erum
263 1885 375 1947 usibus
410 1885 588 1967 profutura.
635 1885 749 1948 Nullus
781 1895 889 1948 autem
923 1886 966 1948 ibi
999 1887 1174 1948 canonicus
1206 1886 1420 1947 constituatur
1451 1883 1576 1965 absque
1607 1885 1722 1965 prioris

136 1981 239 2036 atrum
259 1975 289 2053 a)
319 1977 483 2036 communi
515 1994 657 2036 assensu.
705 1973 738 2037 Si
773 1995 837 2054 qua
869 1977 966 2056 igitur
998 1976 1029 2037 in
1062 1983 1230 2056 posterum
1261 1973 1480 2037 ecclesiastica
1509 1972 1724 2035 saecularisve

136 2084 196 2136 ina,
221 2062 305 2124 hanc
330 2072 459 2125 nostrae
484 2065 722 2126 constitutionis
747 2066 896 2147 paginam
926 2067 1047 2138 sciens,
1079 2073 1190 2126 contra
1222 2084 1294 2125 eam
1325 2071 1449 2125 temere
1479 2064 1588 2124 venire
1619 2072 1722 2143 temp·

137 2155 171 2225 it,
195 2153 341 2214 secundo
365 2155 503 2215 tertiove
527 2153 733 2226 commonita,
758 2154 782 2213 si
807 2175 870 2215 non
894 2152 1094 2227 satisfecerit,
1118 2172 1263 2235 congrua
1287 2153 1526 2220 emendatione.
1551 2155 1724 2231 potestatis

136 2244 247 2320 risque
271 2245 319 2303 sui
337 2243 496 2323 dignitate
512 2250 621 2304 careat
644 2262 797 2321 reamque
818 2263 853 2305 se
870 2243 979 2304 divino
1002 2242 1120 2305 iudicio
1137 2242 1276 2304 existere
1292 2242 1335 2303 de
1351 2249 1538 2323 perpetrata
1554 2242 1723 2318 iniquitate

136 2339 238 2404 oscat,
270 2340 302 2392 et
334 2352 352 2392 a
383 2332 600 2393 sacratissimo
633 2351 773 2413 corpore
805 2341 836 2394 et
868 2332 1023 2414 sanguine
1054 2331 1106 2393 dei
1140 2352 1178 2393 ac
1211 2331 1343 2404 domini,
1375 2330 1590 2411 redemptoris
1623 2331 1723 2391 nostri

142 2418 273 2492 Christi,
305 2420 408 2482 aliena
440 2420 503 2494 fiat,
534 2429 633 2502 atque
657 2423 688 2482 in
713 2429 845 2483 aeterno
870 2421 1017 2483 examine
1046 2421 1208 2483 districtae
1232 2420 1345 2481 ultioni
1370 2419 1543 2481 subiaceat.
1591 2416 1723 2480 Cunctis

136 2530 165 2583 n,
198 2509 307 2572 eidem
339 2510 497 2572 ecclesiae
525 2511 610 2571 iusta
634 2510 845 2582 servantibus,
879 2513 921 2572 sit
945 2531 1011 2592 pax
1035 2509 1158 2572 domini
1184 2511 1284 2571 nostri
1307 2507 1379 2570 lesu
1405 2507 1533 2580 Christi,
1564 2516 1723 2588 quatenus

136 2597 323 2661 cfructum
347 2600 455 2661 bonae
479 2601 616 2661 actionis
648 2601 828 2681 percipiant
851 2608 883 2661 et
907 2600 995 2681 apud
1020 2599 1202 2661 districtum
1231 2599 1371 2660 iudicem
1406 2597 1548 2679 praemia
1572 2605 1723 2658 aeternae

159 2690 338 2751 inveniant.
385 2688 502 2750 Amen.
527 2689 643 2750 Amen.

264 2778 365 2860 (Ego)
390 2777 554 2839 Honorius
578 2776 758 2840 catholicae
783 2777 938 2840 ecclesiae
963 2777 1144 2859 episcopus.

263 2867 336 2948 Ego
360 2869 473 2929 Petrus
497 2868 684 2929 Portuensis
710 2869 894 2949 episcopus.

263 2957 337 3038 Ego
361 2956 497 3039 Egidius
522 2955 722 3018 Tusculanus
746 2958 931 3040 episcopus.

264 3047 337 3126 Ego
361 3045 499 3108 loannes
524 3043 685 3107 Ostiensis
710 3048 894 3127 episcopus.

263 3135 336 3216 Ego
360 3134 554 3198 Chunradus
573 3133 603 3219 b)
628 3132 816 3198 Sabinensis
841 3136 1024 3217 episcopus.

263 3224 336 3304 Ego
361 3223 431 3287 GG.
455 3222 660 3306 (Gregorius)
685 3225 846 3306 presbiter
869 3223 1050 3288 cardinalis
1074 3226 1120 3285 tit.
1145 3221 1392 3304 Apostolorum.

263 3313 335 3394 Ego
358 3312 521 3376 lohannes
544 3313 706 3395 presbiter
729 3315 774 3375 tit.
798 3317 901 3377 sancti
925 3312 1104 3395 Crisogoni.

263 3401 336 3482 Ego
361 3402 498 3464 loannes
524 3403 699 3485 (presbiter
722 3404 892 3466 cardinalis
916 3412 1028 3465 sancte
1052 3401 1194 3473 Ceciliel.

264 3491 336 3573 Ego
361 3491 544 3554 Deusdedit
568 3492 741 3554 cardinalis
766 3493 929 3574 presbiter
951 3494 1000 3555 tit.
1024 3494 1126 3554 sancti
1150 3491 1325 3553 Laurentii.

264 3580 336 3662 Ego
361 3582 451 3644 Saxo
472 3584 500 3663 c)
526 3580 697 3643 cardinalis
722 3582 885 3663 presbiter
907 3583 952 3643 tit.
977 3584 1080 3644 sancti
1106 3578 1274 3663 Stephani.

265 3668 336 3750 Ego
361 3671 475 3731 Petrus
499 3670 669 3732 cardinalis
694 3672 854 3752 presbiter
878 3671 924 3733 tit.
947 3680 1080 3735 sanctae
1104 3671 1255 3750 martyris
1279 3665 1455 3730 Susannae.

265 3758 338 3840 Ego
361 3758 550 3820 Desiderius
575 3759 736 3841 presbiter
760 3759 931 3822 cardinalis
955 3763 1002 3822 tit.
1027 3769 1157 3822 sanctae
1181 3759 1347 3821 Praxedis.

266 3848 337 3928 Ego
361 3849 474 3910 Petrus
498 3849 662 3930 presbiter
685 3850 855 3911 cardinalis
879 3852 927 3911 tit.
951 3852 1052 3911 sancti
1078 3848 1205 3911 Calixti.

266 3936 337 4018 Ego
360 3938 473 3998 Petrus
498 3938 658 4018 presbiter
681 3937 848 4000 cardinalis
871 3941 919 4002 tit.
943 3941 1046 4000 sancti
1071 3939 1211 4000 Martini.

265 4025 337 4106 Ego
362 4027 474 4088 Petrus
499 4026 661 4108 presbiter
684 4026 853 4089 cardinalis
876 4028 977 4089 sancti
1001 4027 1155 4090 Marcelli.

264 4113 337 4196 Ego
362 4116 470 4196 Sigizo
491 4115 523 4196 (1)
547 4116 709 4198 presbiter
732 4116 902 4179 cardinalis
926 4119 973 4178 tit.
999 4118 1101 4179 sancti
1125 4116 1227 4195 Xysti.

266 4203 337 4285 Ego
362 4203 507 4267 Ubertus
531 4206 693 4287 presbiter
716 4206 887 4268 cardinalis
911 4208 958 4268 tit.
982 4208 1084 4268 sancti
1109 4205 1293 4269 Clementis,

265 4291 338 4374 Ego
364 4294 505 4377 (Petrus)
531 4295 692 4375 presbiter
715 4294 887 4357 cardinalis
912 4306 1044 4358 sanctae
1069 4293 1272 4358 Anastasiae.

265 4384 337 4463 Ego
362 4381 432 4445 GG.
458 4380 662 4466 (Gregorius)
687 4384 848 4465 presbiter
871 4383 1043 4446 cardinalis
1067 4386 1115 4446 tit.
1139 4392 1271 4447 sanctae
1294 4381 1459 4445 Balbinae.

265 4470 337 4552 Ego
363 4471 538 4553 Gregorius
563 4475 666 4534 sancti
691 4471 812 4554 Angeli
837 4475 995 4536 diaconus
1020 4471 1201 4535 cardinalis.

264 4561 337 4641 Ego
363 4559 541 4642 Gregorius
565 4563 724 4624 diaconus
747 4561 918 4625 cardinalis
941 4571 1127 4625 sauctorum
1153 4559 1256 4644 Sergii
1281 4569 1314 4624 et
1337 4559 1468 4624 Bacchi.

266 4649 337 4730 Ego
360 4649 499 4712 loannes
524 4652 681 4713 diaconus
705 4651 876 4713 cardinalis
899 4654 947 4713 tit.
970 4653 1074 4715 sancti
1098 4650 1226 4714 Nicolai
1252 4654 1283 4714 in
1308 4649 1455 4713 Carcere.

264 4739 337 4819 Ego
361 4739 526 4802 Gutardus
551 4740 721 4802 cardinalis
745 4741 790 4803 tit.
814 4749 1001 4804 sanctorum
1025 4740 1145 4822 Angeli
1169 4750 1202 4803 et
1227 4740 1361 4803 Priscae.

209 4828 333 4889 Datum
370 4828 538 4903 Laterani,
581 4848 640 4911 per
675 4850 787 4891 manus
821 4827 995 4904 Almerici,
1030 4838 1162 4893 sanctae
1196 4830 1365 4892 Romanae
1401 4827 1558 4890 ecclesiae
1597 4828 1725 4891 diaconi

136 4917 218 4979 nalis
260 4926 294 4980 et
324 4917 515 4980 cancellarii.
547 4930 583 4980 lv
617 4917 693 4980 ldus
730 4917 863 5000 Aprilis.
930 4919 1113 4983 Indictione
1145 4932 1204 4981 Vll.
1275 4917 1505 4981 Incarnationis
1541 4918 1725 4979 dominicae

149 5020 298 5069 Mcxxlx.

210 5122 410 5184 dbpialurkunde
428 5122 460 5168 im
480 5122 594 5170 Archr'rrio
615 5122 749 5184 thsriolure
767 5138 795 5169 eu
815 5122 904 5172 numi.

209 5194 277 5241 diade
295 5195 327 5240 im
346 5194 444 5257 vorigen
467 5194 640 5257 Jahrlmndrr!
657 5210 712 5241 avar
730 5195 773 5242 dus
795 5194 909 5257 Om'ginnl
929 5194 1043 5252 erhaltm,
1063 5196 1142 5243 dassen
1162 5195 1285 5259 Blrisiegel
1299 5195 1406 5242 verlnrerr
1424 5210 1485 5241 urar.

207 5457 232 5507 ει)
252 5441 356 5490 statuum
429 5443 455 5507 b)
477 5441 624 5490 Chunerdus
697 5456 720 5492 ci
741 5439 792 5505 Syd
865 5442 892 5503 d)
911 5441 1007 5507 Sigigo.
