3974 6188
449 474 494 484 -
517 435 538 522 l
560 441 634 523 Ego
658 440 729 505 GG.
754 441 962 525 (Gregorius)
986 442 1148 524 presbiter
1170 440 1343 507 cardinalis
1366 441 1414 506 tit.
1438 440 1558 506 Calixti
1582 462 1623 505 ss.
1647 436 1694 522 (6)

451 525 472 612 l
495 529 569 610 Ego
593 530 731 594 Cencius
755 532 917 614 presbiter
934 531 964 615 a)
988 534 1161 597 cardinalis
1184 535 1232 596 tit.
1257 535 1289 595 in
1312 533 1438 596 Lucina
1461 553 1502 594 ss

451 615 568 699 †Ego
592 620 726 702 ottob)
759 623 916 684 diaconus
947 623 1119 685 cardinalis
1150 624 1252 686 sancti
1277 623 1410 703 Georgii
1442 622 1485 683 ad
1507 619 1627 683 Velum
1651 636 1785 682 aureum
1807 637 1850 678 ss.
1873 610 1920 699 (1)

451 709 472 785 †
494 709 568 789 Ego
592 709 769 791 Gregorius
793 712 950 774 diaconus
973 713 1147 774 cardinalis
1169 714 1272 775 sancti
1297 712 1417 793 Angeli
1442 732 1482 773 ss.

451 793 472 877 †
496 796 569 879 Ego
593 799 703 862 Guido
728 801 885 863 diaconus
909 802 1066 864 cadinalis
1089 813 1202 865 sancte
1226 803 1328 865 Marie
1353 802 1384 863 in
1407 800 1538 862 Porticu
1563 820 1604 861 ss.
1629 800 1682 875 (2)

452 883 472 967 †
496 887 570 967 Ego
594 888 759 952 Gerardus
782 901 895 975 sancte
917 893 1069 978 Romane
1093 892 1229 978 ecclesie
1254 892 1413 953 diaconus
1437 889 1611 952 cardinalis
1633 908 1675 950 ss.
1892 971 1910 983 ..

399 976 476 1038 Dat.
493 975 614 1057 Signie,
638 998 699 1060 per
721 1000 854 1042 manum
871 981 1035 1055 BOSONIS,
1059 992 1171 1067 sancte
1187 982 1338 1067 Romane
1355 980 1492 1066 ecclesie
1513 978 1690 1059 scriptoris.
1729 974 1784 1037 ΚΙ.
1799 973 1921 1035 Martn.

238 1062 422 1126 Indictione
444 1079 502 1127 xv.
552 1067 788 1131 Incarnationis
819 1070 984 1158 dominice
1015 1091 1102 1133 anno
1127 1082 1221 1134 MCLI.
1268 1069 1481 1132 Pontificatus
1512 1089 1590 1131 vero
1623 1066 1736 1129 domni
1766 1062 1921 1125 EUGENH

239 1153 298 1215 ΡΡ.
321 1169 360 1213 111
384 1174 471 1216 anno
496 1166 624 1219 octavo

403 1267 446 1317 Or.
465 1268 502 1332 (S.
523 1269 608 1318 Maria
625 1271 654 1319 di
673 1272 798 1321 Casuum
818 1271 900 1322 Mam
919 1274 959 1340 I),
979 1273 1012 1321 im
1030 1273 1144 1323 Arrhr'vio
1162 1274 1189 1322 di
1204 1274 1272 1324 Stolo
1289 1291 1319 1322 ru
1342 1273 1429 1322 Turin.
1705 1338 1711 1350 ·
1786 1337 1792 1349 ι
1830 1337 1836 1348 .

403 1340 472 1405 Pcrg.
493 1341 552 1401 rat,
578 1342 614 1392 br.
634 1343 719 1405 0‚ros,
750 1346 810 1409 long
827 1348 879 1404 0,6,
904 1355 978 1394 umen
996 1347 1059 1406 0,03
1082 1347 1278 1412 rrrngesrlrlagru,
1309 1345 1387 1395 durch
1410 1344 1468 1393 eruci
1491 1342 1583 1392 lucter
1603 1340 1661 1405 geht
1683 1340 1721 1388 dre
1744 1336 1924 1422 urusslrrlgrlbr

241 1410 425 1470 Seidmrrlmur,
451 1413 521 1461 deren
540 1414 666 1479 Bler'siegel
686 1416 802 1464 verlorrn.
839 1416 947 1483 Fallung
963 1418 1006 1465 der
1023 1419 1120 1466 Bullm.
1158 1418 1269 1468 Initiale:
1298 1418 1451 1483 Unrr'ulform
1469 1417 1514 1464 mit
1531 1412 1731 1477 Schupprnbund.
1749 1482 1754 1492 Ι
1774 1410 1924 1473 Oberlongen

240 1482 284 1530 der
300 1489 375 1531 ersten
395 1483 456 1532 Zer'le
474 1484 577 1532 ziemlich
593 1486 714 1550 gestrerkt.
757 1488 914 1553 Verewiguug
927 1490 977 1539 Nr.
997 1493 1013 1538 2
1034 1490 1091 1538 1²¹⁰
1128 1490 1251 1555 dicklim'g,
1266 1490 1336 1554 still!
1354 1491 1442 1547 0,Οὸ5.
1478 1487 1516 1535 Im
1535 1485 1677 1548 Abrrsrripte
1695 1481 1837 1565 lllryuskela
1861 1478 1924 1528 nack

239 1553 343 1602 starktm
364 1554 462 1603 I’unkte
479 1556 546 1604 nicht
559 1574 630 1622 grass
648 1558 704 1606 aber
720 1559 803 1622 beroart,
829 1561 1062 1627 glinksgtsdrwrist
1085 1562 1130 1610 mit
1145 1560 1291 1621 Ilalsslrr'rh,
1318 1561 1463 1610 er'lmwer'le
1480 1576 1500 1608 c.
1520 1559 1605 1617 0,018.
1642 1556 1691 1604 Die
1708 1557 1786 1603 :laren
1805 1553 1853 1604 nr.
1866 1549 1925 1635 ,⁷¹¹

240 1625 308 1673 sturk
325 1627 586 1693 ursammmgedrdngr.
623 1632 686 1678 Rota
704 1630 751 1679 Nr.
772 1635 793 1688 1,
820 1632 853 1680 im
880 1633 1057 1683 Drerrlrmesser
1073 1636 1159 1693 0.051,
1183 1649 1230 1682 von
1256 1634 1299 1682 der
1323 1635 1403 1681 letum
1422 1631 1485 1680 Zeilc
1502 1631 1590 1689 0,004,
1616 1644 1664 1677 von
1682 1627 1726 1675 dtr
1743 1625 1826 1709 liukm
1845 1624 1926 1672 hante

242 1697 329 1757 0‚07rr,
355 1713 410 1746 vom
429 1698 610 1765 Morrogramme
629 1702 716 1760 0223.
754 1701 923 1767 rtnnogramm
952 1705 998 1754 n'r.
1019 1709 1058 1764 2⁸,
1084 1704 1142 1753 horle
1166 1708 1254 1765 0,()51,
1283 1706 1342 1753 breit
1365 1706 1453 1767 0,028,
1480 1717 1528 1750 von
1556 1701 1600 1749 der
1625 1698 1717 1748 rechten
1737 1698 1820 1745 Aonie
1838 1694 1924 1775 Ofili.

245 1768 321 1817 Ucbcr
336 1769 484 1833 Ir'r‘rrgkreuz,
516 1771 575 1820 Um·
597 1773 653 1820 und
671 1773 836 1838 Untrrsrhrr'f!
861 1775 938 1824 nichts
964 1776 1064 1825 sichtrcs
1089 1793 1118 1823 ru
1146 1792 1226 1841 sagm.
1263 1777 1392 1841 Darimng
1413 1791 1467 1822 arom
1493 1770 1780 1836 llaeprkurperschreiber
1804 1768 1862 1816 aber
1883 1772 1928 1846 mr!¹

240 1840 345 1889 anderrr
360 1841 442 1901 Diale,
462 1843 570 1891 Bosonis
588 1844 661 1892 durau
678 1845 860 1910 nurhgrrragen.
892 1848 939 1896 Die
957 1848 1138 1914 Zerrgenfirmru
1156 1848 1265 1898 mersans
1281 1864 1329 1896 von
1344 1847 1448 1911 gleicler
1465 1844 1545 1893 Hand
1560 1845 1616 1892 und
1625 1843 1707 1905 Dirrrr,
1726 1841 1804 1889 sicher
1821 1839 1859 1888 drr
1876 1838 1926 1885 dra

242 1911 360 1976 Bisthose,
379 1914 423 1962 der
441 1913 546 1964 Priestcr
566 1916 658 1981 Grrgor
674 1917 730 1965 und
745 1918 843 1966 Drakon
866 1919 927 1969 orto.
967 1920 1071 1986 Gregors
1089 1920 1178 1969 Firma
1187 1922 1257 1985 firllr
1274 1935 1325 1969 nur
1342 1921 1430 1977 0,(147.

990 2204 1058 2280 Nr.
1091 2209 1177 2281 108.

243 2329 358 2415 Eugen
383 2330 448 2395 III
465 2329 582 2396 nvitun!
609 2332 671 2396 das
696 2332 827 2398 Kloster
848 2334 950 2400 Santa
982 2336 1108 2402 Trr'm'tci
1137 2340 1177 2402 di
1207 2337 1304 2402 Torri
1327 2337 1361 2400 in
1388 2331 1621 2420 apostolisclren
1644 2329 1763 2393 Scarus
1790 2325 1861 2390 und
1881 2324 1930 2389 be-

242 2423 357 2505 stc'r'tr'gt
377 2422 489 2485 dassen
512 2422 754 2487 Besitztln'r‘mer
783 2426 852 2488 und
873 2425 1008 2506 Rechte,
1038 2450 1088 2492 ruo
1105 2437 1146 2492 u'r
1175 2449 1209 2491 es
1223 2426 1375 2512 Ji'z’lrrlicle
1400 2426 1485 2489 swei
1510 2418 1620 2485 Solia·
1643 2414 1859 2483 ercclresisclt
1884 2436 1930 2478 arr

849 2515 904 2578 die
929 2512 1034 2579 Ir'rm'e
1056 2539 1096 2581 zu
1119 2517 1235 2582 zaltlen
1257 2517 1324 2581 lrat.

896 2653 984 2713 1152
999 2651 1076 2714 Mai
1091 2654 1142 2716 13.
1174 2650 1283 2735 Segni.

404 2775 573 2859 Eugenius
591 2779 776 2862 episcopus,
800 2805 912 2847 servus
927 2807 1095 2849 servorum
1119 2787 1181 2863 dei,
1206 2787 1327 2850 dilecto
1352 2786 1419 2848 filio
1436 2784 1586 2859 Arnuls0‚
1611 2782 1724 2846 abbati
1742 2780 1932 2844 monasterii

244 2878 357 2953 sancte
380 2869 551 2931 Trinitatis
575 2869 616 2931 de
640 2870 743 2946 Turri‚
776 2873 911 2954 eiusque
939 2876 1100 2952 fratribus,
1131 2888 1198 2940 tam
1222 2876 1430 2958 presentibus
1459 2894 1557 2955 quam
1586 2873 1708 2948 suturis,
1742 2869 1934 2952 regulariter

245 2957 482 3020 substituendis
504 2972 543 3020 IN
566 2972 643 3021 PPM.
667 2995 710 3005 —
731 2957 736 3044 Ι
756 2962 931 3043 Religiosis
962 2966 1131 3029 desideriis
1163 2967 1297 3047 dignum
1330 2973 1379 3028 est
1408 2964 1538 3026 sacilem
1561 2962 1699 3044 prebere
1722 2979 1932 3035 consensum,

246 3056 281 3108 ut
304 3045 409 3109 fidelis
433 3047 567 3110 devotio
592 3047 730 3111 celerem
754 3053 908 3116 sortiatur
931 3054 1092 3119 effectum.
1138 3053 1333 3138 Eapropter,
1359 3055 1477 3116 dilecte
1502 3054 1534 3114 in
1551 3052 1687 3114 domino
1711 3049 1766 3125 lili,
1790 3048 1932 3112 Arnulle

246 3133 359 3212 abbas,
390 3136 454 3199 tuis
486 3137 577 3199 iustis
608 3139 885 3219 postulationibus
905 3138 910 3225 Ι
931 3144 1108 3208 clementer
1136 3147 1308 3208 annuimus
1340 3154 1373 3206 et
1407 3143 1571 3225 prefatum
1599 3140 1844 3215 monasterium,
1879 3138 1931 3200 cui

247 3225 310 3287 deo
334 3236 468 3288 auctore
491 3246 623 3308 preesse
647 3226 834 3306 dinosceris
867 3232 909 3293 ad
933 3234 1104 3316 exemplar
1126 3234 1368 3317 predecessoris
1392 3233 1502 3308 nostri,
1527 3231 1630 3293 lelicis
1653 3229 1812 3292 memorie
1840 3247 1932 3310 pape

246 3314 434 3377 INNocentii
453 3313 489 3397 ¹),
518 3317 579 3379 sub
603 3317 691 3380 beati
708 3318 793 3382 Petri
818 3332 850 3384 et
873 3333 984 3385 nostra
1008 3325 1215 3405 protectione
1238 3324 1432 3405 suscipimus
1456 3332 1489 3384 et
1512 3320 1672 3402 presentis
1695 3318 1808 3400 scripti
1832 3318 1931 3399 privi-

247 3403 333 3484 legio
366 3406 614 3469 communimus.
661 3406 862 3486 statuentes,
894 3422 929 3474 ut
961 3433 1183 3495 quascumque
1213 3413 1448 3495 possessiones
1482 3429 1688 3492 quecumque
1718 3407 1809 3471 bona
1839 3408 1932 3471 idem

245 3495 479 3556 monasterium
508 3495 540 3556 in
572 3498 808 3577 presentiarum
832 3501 914 3563 iuste
946 3512 979 3564 et
1011 3504 1169 3566 canonice
1196 3503 1354 3584 possidet,
1386 3509 1441 3564 aut
1474 3501 1506 3562 iu
1538 3501 1680 3563 futurum
1715 3501 1933 3564 concessione

245 3582 454 3663 pontificum,
488 3582 661 3664 largitione
691 3608 803 3668 regum
826 3590 878 3653 vel
911 3592 1104 3673 principum,
1137 3592 1306 3654 oblatione
1337 3590 1482 3653 fidelium
1512 3610 1569 3652 seu
1601 3590 1671 3652 aliis
1698 3590 1790 3653 iustis
1821 3591 1931 3653 modis

246 3670 309 3733 deo
341 3673 487 3754 propitio
519 3675 642 3754 poterit
673 3676 824 3758 adipisci,
858 3679 950 3742 firma
981 3681 1040 3744 tibi
1073 3682 1202 3763 tuisque
1225 3680 1467 3743 successoribus
1495 3690 1527 3742 et
1555 3679 1680 3742 illibata
1704 3690 1931 3760 permaneant.

245 3760 281 3822 In
306 3761 426 3841 quibus
449 3759 509 3848 hec
533 3764 675 3844 propriis
700 3766 852 3830 duximus
874 3770 1091 3850 exprimenda
1113 3771 1298 3834 vocabulis:
1324 3770 1495 3832 ecclesiam
1517 3780 1629 3854 sancte
1647 3769 1750 3855 Marie
1774 3769 1807 3831 in
1824 3768 1930 3841 Cruci,

245 3849 341 3911 sitam
358 3850 391 3911 in
408 3848 513 3933 burgo
529 3854 633 3915 saneti
650 3850 783 3934 Quirici
808 3856 972 3940 hospitale
997 3860 1038 3922 de
1055 3859 1155 3923 Cuna.
1192 3861 1352 3935 Preterea,
1369 3858 1611 3940 predecessoris
1627 3858 1728 3920 nostri
1744 3856 1930 3921 Alexandri

245 3936 334 4025 bone
358 3941 516 4026 memorie
532 3943 678 4023 vestigiis
702 3944 886 4009 inherentes
904 3945 940 4030 ²),
965 3950 1145 4025 statuimus,
1171 3960 1206 4012 ut
1229 3949 1334 4011 abbas
1358 3949 1504 4010 eiusdem
1529 3947 1715 4009 monasterii
1741 3947 1932 4029 regulariter

246 4028 384 4108 eligatur
399 4039 432 4091 et
443 4050 461 4091 a
472 4030 626 4093 Romano
643 4033 801 4113 pontifice
817 4047 1025 4100 consecretur
1044 4040 1080 4116 ο).
1108 4037 1380 4101 Consecrationes
1392 4058 1469 4099 vero
1486 4037 1635 4098 altarium
1647 4035 1698 4098 vel
1709 4036 1930 4112 ecclesiarum,

247 4117 473 4180 ordinationes
496 4120 734 4184 monachorum
764 4124 832 4187 sive
857 4126 1056 4202 clericorum,
1092 4129 1146 4209 qui
1178 4128 1220 4190 ad
1252 4148 1363 4190 sacros
1394 4126 1526 4189 ordines
1555 4125 1674 4188 suerint
1700 4125 1930 4208 promovendi,

247 4225 267 4267 a
299 4205 476 4270 diocesano
508 4210 692 4291 suscipiatis
723 4213 899 4295 episcopo,
940 4216 1102 4298 siquidem
1137 4217 1316 4280 catholicus
1347 4216 1442 4278 suerit
1474 4225 1507 4277 et
1536 4215 1675 4296 gratiam
1707 4225 1808 4296 atque
1843 4236 1931 4278 com·

247 4296 437 4359 munionem
472 4298 560 4360 sedis
596 4300 778 4388 apostolice
811 4302 961 4368 habuerit
991 4316 1025 4368 et
1053 4326 1093 4369 ea
1124 4308 1225 4389 gratis
1257 4317 1289 4369 et
1320 4306 1445 4387 absque
1475 4304 1636 4386 pravitate
1665 4303 1762 4367 vobis
1791 4305 1933 4367 voluerit

247 4385 420 4460 exhibere3
451 4385 596 4468 alioquin
626 4389 722 4453 liceat
751 4392 855 4469 vobis,
889 4393 1095 4471 catholicum,
1128 4415 1368 4477 quemcumque
1400 4394 1586 4467 malueritis,
1618 4393 1708 4456 adire
1740 4394 1931 4469 antistitem,

248 4474 303 4554 qui
328 4475 478 4537 nimirum
502 4486 614 4538 nostra
641 4477 741 4542 fultus
765 4484 968 4560 auctoritate,
1002 4485 1092 4566 quod
1116 4485 1308 4566 postulatur,
1342 4484 1518 4565 indulgeat
1564 4480 1773 4563 Sepulturam
1799 4504 1933 4565 quoque

248 4563 350 4643 ipsius
382 4564 445 4627 loci
481 4564 618 4628 liberam
649 4588 720 4631 esse
760 4570 978 4648 decernimus,
1021 4584 1056 4636 ut
1088 4594 1217 4649 eorum,
1262 4574 1316 4655 qui
1348 4594 1383 4636 se
1415 4573 1479 4635 illic
1510 4572 1639 4653 sepeliri
1671 4571 1933 4646 deliberaverint,

249 4651 418 4715 devotioni
443 4663 476 4716 et
499 4664 646 4719 extreme
670 4659 839 4735 voluntati,
871 4663 931 4724 nisi
963 4663 1047 4725 sorte
1072 4663 1347 4726 excommunicati
1371 4663 1423 4724 vel
1452 4661 1616 4724 interdicti
1639 4662 1712 4736 sint,
1744 4661 1851 4724 nullus
1875 4661 1932 4725 ob·

248 4742 356 4818 sistat,
396 4743 487 4805 salva
519 4754 630 4807 tamen
662 4746 784 4812 iustitia
815 4751 958 4813 matricis
989 4752 1135 4814 ecclesie.
1190 4752 1406 4815 Prohibemus
1437 4752 1554 4826 etiam,
1594 4761 1629 4812 ut
1668 4749 1757 4812 nulla
1786 4769 1934 4832 unquam

249 4832 468 4894 ecclesiastica
498 4834 691 4898 secularisve
722 4858 861 4916 persona
885 4839 1029 4922 aliquam
1054 4842 1307 4904 decimationem
1333 4841 1374 4903 de
1398 4841 1494 4903 rebus
1523 4839 1623 4920 ipsius
1648 4841 1836 4923 monasteri-i
1862 4861 1935 4923 pre·

249 4931 356 4983 sumat
380 4921 542 5002 requirere
566 4933 621 4985 aut
645 4925 752 5007 ipsum
775 4928 948 5010 hospitale,
975 4931 1064 5012 quod
1090 4932 1181 4993 iuxta
1204 4931 1292 4993 idem
1317 4931 1550 4992 monasterium
1574 4929 1672 4991 situm
1696 4938 1754 5003 est,
1787 4929 1820 4991 in
1843 4950 1934 4992 secu·

250 5009 352 5073 larem
382 5030 475 5073 usum
507 5023 704 5090 convertere,
736 5017 787 5079 vel
820 5018 910 5099 quod
941 5019 987 5082 ibi
1021 5041 1039 5081 a
1072 5019 1223 5082 fidelibus
1256 5020 1455 5095 conceditur,
1486 5018 1677 5081 subtrahere
1700 5017 1752 5080 vel
1776 5019 1932 5082 minuere.

250 5097 465 5162 Decernimus
488 5120 575 5181 erg0,
608 5113 644 5165 ut
666 5104 742 5167 nulli
768 5107 904 5170 omnino
928 5105 1098 5171 hominum
1123 5109 1228 5185 liceat,
1261 5109 1424 5191 prelatum
1454 5108 1688 5171 monasterium
1715 5118 1840 5171 temere
1864 5129 1934 5190 per·

250 5188 382 5252 turbare
421 5199 476 5251 aut
511 5191 579 5253 eius
618 5195 845 5273 possessiones
883 5197 1010 5261 auferre
1039 5198 1092 5261 vel
1133 5198 1259 5261 ablatas
1298 5199 1452 5273 retinere,
1491 5199 1636 5260 minuere
1675 5207 1732 5259 aut
1769 5197 1935 5279 aliquibus

250 5278 482 5341 vexationibus
505 5279 649 5361 fatigare,
674 5283 733 5346 sed
757 5286 869 5348 omnia
893 5287 1020 5369 integra
1044 5299 1276 5351 conserventur
1299 5307 1421 5364 eorum,
1445 5307 1506 5369 pro
1531 5306 1671 5370 quorum
1693 5285 1935 5369 gubernatione

250 5378 284 5430 et
307 5369 544 5432 sustentatione
568 5390 725 5436 concessa
747 5384 832 5456 sunt,
864 5376 975 5440 usibus
999 5378 1200 5441 omnimodis
1224 5378 1401 5460 prosutura,
1431 5376 1523 5440 salvo
1554 5377 1586 5439 in
1618 5376 1810 5459 supradicto
1834 5397 1933 5441 xeno·

412 5564 438 5629 a)
456 5565 516 5629 Λα]
525 5567 610 5614 Ramr
698 5567 725 5627 1))
745 5569 826 5634 †Ego
839 5569 899 5619 Otto
916 5570 1041 5622 theilweise
1057 5575 1110 5638 aus
1122 5575 1206 5622 lr'asur
1296 5574 1320 5639 c)
1340 5580 1506 5623 consecratur.
1525 5606 1578 5615 -
1599 5580 1636 5639 .1)
1656 5572 1726 5622 Diese
1743 5571 1805 5622 o'rk.
1823 5572 1855 5623 ist
1871 5570 1936 5623 nicht

251 5632 365 5683 erhallm.
440 5642 466 5702 2)
483 5635 544 5690 Ura.
564 5652 619 5687 vom
639 5639 671 5688 13
693 5639 799 5704 Jamrar
818 5644 894 5690 1070.
