3982 6194
1774 312 1834 378 129

905 482 972 557 Nr.
1006 486 1090 558 122.

159 601 353 666 Anastasius
369 603 557 670 IVnimmt
575 608 630 672 die
647 607 921 695 Kollegiatkirclze
942 636 1002 678 von
1030 614 1118 678 Colle
1141 614 1199 695 (D.
1226 612 1385 698 Volterro)
1411 615 1445 677 in
1466 611 1696 697 apostoluclren
1719 612 1836 678 Sclrutr

160 691 224 753 und
256 691 414 777 bestdtigt
442 697 512 759 ihre
544 697 645 762 Griter
670 701 740 764 und
773 701 1012 784 Gereclrtsame,
1046 706 1157 785 wosrir
1191 701 1237 766 sie
1259 703 1412 789 j'dlrrliclz
1442 703 1545 783 awilf
1571 700 1678 767 Solriii
1706 725 1749 767 an
1783 701 1836 767 det

751 789 857 856 Kurie
878 814 919 857 arr
941 794 1116 858 entriclrten
1137 793 1197 855 har
1214 795 1250 878 ¹).

746 910 831 970 1153
846 908 1022 973 December
1037 913 1065 973 7.
1098 909 1248 973 Lateron.

319 1033 514 1098 Anastasius
536 1038 721 1122 episcopus,
743 1061 855 1105 servus
877 1063 1045 1106 servorum
1069 1043 1130 1117 dei,
1154 1043 1279 1106 dilectis
1302 1042 1370 1105 filiis
1386 1043 1538 1124 Rogerio,
1563 1039 1834 1122 archipresbitero

158 1121 266 1202 plebis
284 1123 329 1185 de
344 1123 429 1197 Elsa,
452 1127 588 1206 eiusque
604 1128 765 1205 fratribus,
782 1140 849 1195 tam
866 1134 1071 1214 presentibus
1088 1154 1185 1214 quarn
1203 1133 1323 1206 suturis,
1348 1147 1385 1195 ΙΝ
1401 1145 1477 1193 ΡΡΜ.
1494 1167 1538 1176 -
1557 1127 1562 1213 Ι
1583 1132 1639 1194 Pie
1655 1131 1833 1212 postulatio
1900 1170 1903 1176 -

156 1210 338 1274 voluntatis
353 1212 471 1276 effectu
488 1215 588 1279 debet
603 1229 825 1301 prosequente
846 1222 1012 1305 compleri,
1037 1230 1072 1285 ut
1095 1222 1200 1284 fidelis
1224 1222 1357 1284 devotio
1378 1224 1405 1301 ⁸)
1430 1241 1608 1302 congruum
1627 1218 1657 1304 b)
1680 1222 1834 1282 sortiatur

157 1300 323 1363 effectum.
375 1303 578 1386 Eapropter,
607 1307 715 1371 dilecti
747 1309 777 1371 in
808 1312 945 1374 domino
977 1311 1045 1386 filii,
1076 1314 1192 1374 vestris
1222 1311 1312 1374 iustis
1342 1310 1628 1392 po!stulationibus
1659 1309 1835 1371 clementer

155 1390 336 1464 annuimus,
360 1402 394 1454 et
409 1394 677 1474 predecessorum
695 1407 890 1474 nostrorum,
907 1400 1009 1463 felicis
1026 1403 1183 1463 memorie
1200 1400 1375 1475 PASCALIS,
1400 1399 1542 1463 GELasu
1558 1407 1657 1480 atque
1672 1398 1834 1473 EUGENH,

155 1479 385 1543 Romanorum
410 1482 612 1563 pontificum,
642 1489 788 1569 vestigiis
818 1488 1011 1564 inherentes,
1043 1499 1185 1553 vestram
1208 1490 1296 1552 beati
1320 1489 1464 1552 Faustini
1492 1509 1549 1551 seu
1573 1488 1658 1550 beati
1681 1487 1834 1550 Iohannis

155 1568 343 1644 ecclesiam,
367 1571 398 1632 in
422 1590 486 1652 qua
509 1572 621 1636 divino
645 1578 818 1659 mancipati
842 1581 919 1642 estis
943 1580 1116 1662 obsequi0,
1139 1600 1212 1641 cum
1237 1578 1335 1660 plebe
1358 1599 1424 1653 sua,
1453 1598 1518 1657 que
1541 1578 1583 1639 de
1607 1577 1682 1639 Elsa
1704 1579 1833 1652 dicitur,

155 1659 216 1721 sub
248 1659 341 1721 beati
364 1660 450 1721 Petri
479 1669 512 1723 et
544 1671 655 1727 nostra
685 1670 892 1748 protectione
924 1670 1118 1751 suscipimus
1149 1677 1182 1731 et
1217 1671 1376 1749 presentis
1407 1669 1520 1748 scripti
1552 1667 1720 1749 privilegio
1745 1686 1833 1728 com·

156 1748 331 1810 munimus.
378 1745 486 1828 Quam
509 1751 662 1816 videlicet
685 1755 855 1819 ecclesiam
880 1766 913 1819 et
936 1759 1068 1840 plebem
1095 1760 1275 1820 universam
1306 1777 1348 1819 ex
1371 1757 1493 1837 antiqui
1524 1756 1599 1818 iuris
1623 1758 1833 1839 possessione

156 1845 287 1899 constat
319 1838 535 1920 proprietaria
566 1841 690 1905 ditione
723 1846 765 1907 ad
796 1846 909 1909 sedern
941 1847 1155 1928 apostolicam
1189 1855 1221 1909 et
1250 1847 1432 1910 Romanam
1461 1844 1631 1908 ecclesiam
1663 1845 1833 1927 pertinere.

156 1923 340 1989 Statuimus
363 1927 481 2006 itaque,
503 1937 539 1991 ut
563 1951 786 2016 quascumque
810 1939 1044 2017 possessiones,
1068 1956 1274 2018 quecumque
1290 1936 1377 1998 bona
1392 1937 1423 1997 in
1440 1936 1675 2017 presentiarum
1697 1938 1724 2018 c)
1749 1936 1832 1996 iuste

157 2023 189 2077 et
218 2017 382 2079 canonice
412 2019 589 2097 possidetis
626 2030 681 2083 aut
712 2025 743 2085 in
775 2023 917 2088 futurum
949 2027 1162 2088 concessione
1194 2025 1401 2106 pontificum,
1432 2025 1601 2105 largitione
1639 2043 1750 2105 regum
1782 2022 1833 2085 vel

157 2105 349 2186 principum,
373 2105 539 2170 oblatione
562 2108 705 2174 fidelium
729 2132 786 2175 seu
810 2115 907 2177 etiarn
932 2117 1001 2178 aliis
1024 2116 1115 2178 iustis
1139 2114 1247 2177 modis
1271 2115 1335 2176 deo
1352 2115 1496 2196 propitio
1517 2113 1662 2193 poteritis
1686 2113 1832 2194 adipisci,

157 2192 249 2255 firma
279 2195 377 2257 vobis
409 2198 591 2277 vestrisque
622 2203 866 2265 successoribus
897 2213 930 2266 et
961 2204 1085 2267 illibata
1117 2211 1338 2286 permaneant.
1384 2203 1419 2265 In
1451 2204 1568 2284 quibus
1599 2201 1661 2264 hec
1692 2203 1833 2283 propriis

157 2283 313 2345 duximus
337 2286 552 2366 exprimenda
573 2289 758 2353 vocabulis:
790 2293 950 2374 capellam
974 2297 1076 2356 sancti
1101 2292 1275 2367 Michaelis,
1307 2295 1448 2374 positam
1474 2293 1562 2354 iuxta
1585 2290 1716 2354 fluvium
1741 2290 1833 2365 Unci,

158 2391 230 2434 curn
255 2373 460 2454 pertinentiis
483 2377 558 2450 suis,
581 2379 741 2459 capellam
765 2383 867 2444 sancti
885 2382 1053 2457 Martialis,
1077 2385 1219 2465 positam
1243 2385 1275 2444 in
1299 2382 1403 2463 burgo
1420 2380 1506 2456 Else,
1529 2401 1603 2443 cum
1627 2382 1832 2462 pertinentiis

157 2463 240 2537 suis,
272 2461 433 2545 capellam
463 2474 575 2549 sancte
598 2467 717 2552 Marie,
748 2473 889 2552 positam
915 2474 946 2534 in
970 2473 1088 2535 eodem
1113 2473 1228 2553 burgo,
1252 2491 1325 2533 cum
1350 2472 1552 2552 pertinentiis
1574 2470 1646 2543 suis,
1671 2469 1831 2551 capellam

159 2559 269 2635 sancte
295 2550 398 2637 Marie
430 2552 472 2615 de
493 2551 622 2638 Spongi
646 2578 719 2620 cum
743 2562 946 2641 pertinentiis
962 2563 1038 2636 suis,
1062 2562 1221 2644 capellam
1244 2562 1346 2623 sancti
1363 2558 1541 2622 Salvatoris
1564 2560 1606 2621 de
1623 2557 1716 2621 Colle
1730 2560 1832 2620 veteri

159 2660 230 2702 curn
256 2642 462 2722 pertinentiis
485 2643 559 2718 suiS,
583 2646 739 2727 capellam
761 2650 862 2712 sancti
878 2648 1029 2714 Nicholai
1046 2652 1088 2713 de
1105 2659 1213 2714 castro
1228 2649 1326 2712 Novo
1342 2649 1425 2712 colle
1441 2669 1515 2711 cum
1532 2649 1735 2730 pertinentiis
1755 2650 1829 2722 suis,

158 2728 318 2810 capellam
333 2732 438 2794 sancti
455 2732 554 2795 Blasii
570 2734 663 2798 iuxta
677 2739 873 2801 territorium
890 2741 997 2822 plebis
1013 2742 1116 2803 sancti
1133 2741 1242 2822 Ipoliti
1260 2761 1332 2802 cum
1349 2739 1553 2821 pertinentiis
1573 2739 1647 2813 suis,
1672 2737 1832 2819 capellam

158 2820 260 2880 sancti
278 2818 414 2883 Andree
438 2821 480 2883 de
499 2821 608 2886 Strata
625 2824 655 2909 d)
679 2847 752 2888 curn
775 2830 979 2910 pertinentiis
1002 2831 1076 2906 suis,
1101 2831 1261 2911 capellam
1285 2840 1471 2891 sanctorum
1487 2828 1640 2909 Phylippi
1664 2838 1697 2890 et
1720 2826 1831 2890 lacobi

159 2908 197 2970 de
213 2906 378 2988 Quartaio
401 2930 475 2972 cum
498 2914 703 2992 pertinentiis
718 2918 792 2994 suiS,
817 2919 978 3000 capellam
1000 2921 1102 2982 sancti
1119 2920 1196 2982 Iusti
1213 2920 1255 2981 de
1270 2919 1432 2980 Menzano
1449 2939 1522 2980 cum
1539 2917 1742 2998 pertinentiis
1757 2917 1830 2991 suis,

159 2997 320 3078 primitias
351 3008 384 3061 et
415 2998 558 3064 decimas
590 3005 705 3085 populi
737 3007 778 3068 de
801 3003 951 3071 Senzano
982 3019 1015 3071 et
1046 3011 1088 3071 de
1111 3009 1251 3072 Oliveto.
1297 3007 1496 3088 Precipimus
1527 3027 1614 3087 erg0‚
1646 3014 1680 3067 ut
1710 3006 1831 3067 nemini

159 3086 315 3150 laicorum
334 3087 469 3152 facultas
484 3090 534 3166 sit,
551 3092 696 3173 aliquam
712 3095 753 3157 de
770 3097 904 3177 capellis
920 3109 976 3160 aut
992 3098 1135 3174 decimis,
1152 3098 1195 3160 ad
1207 3098 1428 3178 supradictam
1440 3097 1573 3178 plebem
1586 3095 1831 3176 pertinentibus,

160 3175 189 3237 in
213 3176 348 3240 alterius
371 3176 506 3265 ecclesie
531 3180 713 3245 dominium
736 3185 873 3248 tradere.
912 3186 987 3249 Tibi
1005 3198 1115 3249 autem
1130 3208 1168 3249 ac
1183 3187 1424 3249 successoribus
1448 3187 1519 3261 tuiS,
1545 3187 1599 3265 qui
1616 3205 1675 3264 per
1689 3184 1830 3246 Romani

160 3265 325 3345 pontificis
349 3286 543 3330 consensum
567 3271 599 3332 in
630 3273 747 3335 eadem
775 3274 875 3355 plebe
897 3277 949 3338 vel
981 3277 1119 3339 ecclesia
1150 3276 1409 3357 archipresbiteri
1442 3275 1574 3349 fuerint,
1608 3274 1831 3336 obedientiam

160 3354 304 3416 debitam
330 3355 561 3421 confirmamus
585 3360 626 3423 de
650 3363 803 3426 omnibus
827 3365 969 3446 capellis
994 3386 1057 3446 que
1081 3367 1257 3428 constitute
1280 3375 1354 3427 sunt
1376 3365 1427 3427 vel
1452 3365 1569 3426 luerint
1592 3364 1624 3424 in
1648 3363 1830 3443 parrochia,

160 3443 200 3504 ad
222 3444 449 3525 supradictam
472 3446 560 3510 beati
576 3451 722 3513 Faustini
741 3452 913 3516 ecclesiam
930 3450 1167 3540 pertinentels),
1192 3455 1274 3516 intra
1291 3473 1380 3535 quas,
1404 3455 1431 3516 si
1450 3453 1655 3534 oportunitas
1678 3453 1831 3533 exegerit,

160 3536 281 3612 absque
305 3535 564 3599 contradictione
587 3540 759 3604 cuiuslibet
783 3563 885 3605 novas
909 3544 1052 3624 capellas
1075 3545 1127 3606 vel
1150 3544 1321 3606 ecclesiam
1346 3542 1519 3605 edificandi
1542 3542 1638 3603 vobis
1667 3542 1831 3603 licentiam

159 3621 376 3702 indulgemus.
430 3625 585 3689 Obeunte
613 3648 692 3691 vero
722 3641 771 3705 te,
808 3652 894 3694 nunc
927 3633 1073 3695 eiusdem
1104 3634 1166 3695 loci
1198 3633 1485 3713 archipresbitero,
1516 3630 1621 3692 nullus
1653 3630 1685 3691 in
1716 3631 1830 3692 eadem

159 3712 298 3773 ecclesia
322 3712 468 3793 qualibet
490 3716 711 3799 subreptionis
735 3722 854 3782 astutia
868 3722 920 3784 vel
935 3722 1091 3785 violentia
1106 3732 1315 3803 preponatur,
1340 3722 1399 3783 nisi
1421 3741 1518 3802 quem
1535 3719 1680 3782 eiusdem
1696 3720 1833 3781 ecclesie

159 3800 265 3863 clerici
303 3800 365 3864 sibi
403 3823 534 3883 preesse
572 3807 775 3887 providerint
812 3820 845 3872 et
882 3812 1023 3873 Romani
1054 3811 1220 3893 pontificis
1258 3832 1407 3873 assensus
1439 3809 1635 3892 probaverit.
1697 3806 1831 3884 Crisma,

159 3888 269 3951 oleum
293 3900 456 3968 sanctum,
485 3895 707 3960 ordinationes
735 3899 926 3962 clericorum
957 3901 1191 3983 abepiscopo,
1224 3901 1256 3962 in
1280 3901 1370 3963 cuius
1394 3900 1515 3962 diocesi
1539 3898 1624 3973 estis,
1657 3898 1831 3978 accipietis,

158 3978 322 4059 siquidem
352 3982 491 4061 gratiam
522 3990 621 4064 atque
650 3989 913 4052 communionem
951 3990 1132 4077 apostolice
1164 3990 1250 4052 sedis
1280 3989 1430 4051 habuerit
1464 3998 1497 4051 et
1527 3988 1552 4050 si
1585 4008 1623 4048 ea
1661 3988 1762 4067 gratis
1793 4007 1832 4048 ac

157 4068 226 4130 sine
249 4068 413 4149 pravitate
442 4071 581 4135 voluerit
611 4074 776 4139 exhibere.
822 4077 982 4160 Alioquin
1014 4080 1109 4142 liceat
1137 4079 1246 4154 vobis,
1276 4078 1486 4152 catholicum,
1518 4096 1616 4157 quem
1647 4076 1831 4150 malueritis,

157 4156 247 4219 adire
279 4158 460 4222 antistitem
490 4170 523 4224 et
555 4163 598 4225 ab
629 4184 669 4226 eo
702 4168 957 4231 consecrationis
985 4179 1187 4232 sacramenta
1218 4169 1398 4249 suscipere,
1435 4168 1499 4247 qui,
1531 4165 1714 4250 apostolice
1744 4165 1831 4226 sedis

158 4245 257 4308 fultus
280 4249 483 4326 auctoritate,
509 4271 573 4331 que
595 4254 809 4333 postulantur,
834 4256 1010 4339 indulgeat.
1057 4258 1262 4340 Capellarum
1289 4277 1366 4319 vero
1391 4266 1424 4318 et
1452 4255 1567 4337 plebis,
1591 4255 1617 4316 si
1642 4254 1831 4335 oportuerit,

156 4337 373 4412 consecratio,
404 4358 470 4400 non
501 4341 562 4403 nisi
585 4353 744 4425 precepto
767 4346 908 4408 Romani
933 4347 1098 4429 pontificis
1122 4347 1186 4409 frat.
1232 4347 1431 4426 Precipimus
1461 4345 1569 4419 etiam,
1603 4364 1645 4405 ne
1675 4343 1832 4405 militibus

156 4424 271 4500 liceat,
303 4427 594 4506 parrochianorum
627 4443 809 4496 vestrorum
839 4435 984 4498 decimas
1011 4438 1076 4499 suis
1104 4437 1216 4498 usibus
1237 4436 1427 4508 vendicare,
1458 4444 1507 4496 set
1536 4435 1628 4495 iuxta
1656 4433 1831 4494 canonicas

156 4515 346 4577 sanctiones
370 4516 402 4578 in
425 4517 474 4580 ius
497 4519 632 4606 ecclesie
656 4519 897 4607 consera(n)tur.
943 4527 1044 4588 Porro
1066 4526 1266 4606 sepulturam
1285 4532 1313 4601 θ)
1337 4524 1482 4586 eiusdem
1506 4522 1569 4584 loci
1594 4522 1729 4584 liberam
1761 4542 1831 4584 esse

154 4603 373 4679 decemimus
396 4615 432 4668 ut
455 4625 576 4684 eorum,
602 4610 656 4690 qui
680 4632 714 4674 se
739 4613 801 4674 illic
824 4612 965 4695 sepelliri
982 4614 1240 4689 deliberaverint,
1265 4613 1432 4675 devotioni
1453 4622 1486 4674 et
1501 4622 1647 4674 extreme
1661 4611 1830 4686 voluntati,

155 4693 218 4754 nisi
241 4692 327 4755 sorte
344 4692 644 4777 excom(m)unicati
660 4700 712 4762 vel
730 4700 761 4782 f)
785 4704 948 4766 interdicti
972 4705 1045 4780 sint,
1070 4703 1176 4766 nullus
1200 4702 1348 4764 obsistat.
1393 4701 1476 4764 Illud
1500 4711 1609 4763 autem
1633 4700 1832 4762 omnimodis

154 4782 372 4862 prohibemus
394 4795 429 4846 et
450 4787 580 4866 penitus
604 4788 835 4868 interdicimus
860 4814 901 4855 ne
925 4791 1114 4855 clericorum
1138 4813 1188 4855 res
1212 4802 1289 4872 post
1304 4811 1417 4854 eorum
1433 4791 1561 4853 obitum
1581 4789 1697 4870 aliquis
1713 4788 1832 4851 audeat

154 4871 295 4958 ecclesie
309 4873 472 4954 vobisque
495 4875 694 4954 subtrahere,
718 4890 767 4942 set
783 4881 874 4944 iuxta
894 4883 1069 4945 canonicas
1087 4880 1116 4963 e)
1140 4883 1326 4944 sanctiones
1342 4880 1452 4943 omnia
1469 4879 1604 4965 ecclesie
1620 4887 1830 4941 reserventur.

154 4955 228 5022 Nec
244 4960 277 5022 in
301 4962 439 5024 ecclesia
461 4963 533 5044 ipsa
554 4966 606 5028 vel
629 4968 763 5048 capellis
786 4971 854 5033 eius
877 4982 991 5034 contra
1015 4972 1283 5033 deliberationem
1306 4980 1448 5032 vestram
1472 4969 1587 5049 aliquis
1614 4967 1830 5049 presbiterum

154 5049 335 5113 clericosve
358 5052 543 5116 constituat.
589 5055 720 5118 Nemini
744 5077 822 5140 ergo
848 5060 984 5123 facultas
1011 5061 1061 5136 sit,
1093 5061 1263 5123 ecclesiam
1288 5061 1393 5141 ipsam
1416 5069 1540 5120 temere
1562 5057 1753 5139 perturbare
1776 5067 1832 5118 aut

152 5139 252 5201 vobis
283 5136 494 5205 helimosinas
517 5143 701 5226 subripere,
738 5167 802 5227 que
832 5170 874 5212 ex
906 5160 1108 5212 mortuorum
1132 5150 1257 5211 iudiciis
1281 5147 1475 5230 parrochiali
1501 5147 1662 5209 debentur
1683 5145 1829 5231 ecclesie,

154 5237 211 5290 aut
233 5230 379 5310 capellas
401 5230 509 5312 plebis
530 5243 637 5296 vestre
660 5235 813 5298 invadere
844 5260 910 5314 seu,
935 5259 1139 5320 quecumque
1163 5239 1263 5320 ipsius
1293 5248 1368 5300 sunt
1391 5238 1442 5300 vel
1474 5236 1599 5311 suerint,
1632 5235 1832 5316 quibuslibet

153 5318 387 5382 occasionibus
409 5320 542 5384 auferre.
587 5323 644 5386 Ad
668 5324 820 5389 inditium
843 5336 952 5391 autem
975 5329 1186 5409 proprietatis
1208 5328 1302 5390 huius
1325 5341 1376 5389 xn
1398 5346 1550 5389 nummos
1579 5325 1675 5388 nobis
1699 5325 1832 5387 nostris-

314 5513 340 5578 a)
359 5518 368 5562 t
386 5513 439 5577 αν]
454 5513 697 5582 Oberlir'ngen·liarur
784 5520 811 5587 b)
828 5520 952 5570 titilweise
968 5523 1021 5586 arcs
1033 5523 1118 5570 Rarur
1205 5527 1229 5586 c)
1248 5519 1396 5569 Abreviamr
1417 5534 1464 5568 uon
1482 5535 1537 5569 rum
1552 5518 1668 5585 ger-trecht
1683 5519 1736 5584 uus
1748 5520 1833 5567 Rasur

153 5580 182 5647 d)
200 5599 229 5633 ra
245 5584 327 5634 durch
345 5584 484 5634 Iconium
500 5587 630 5654 iergtstellt
718 5594 743 5653 e)
761 5593 876 5643 mutim
893 5595 971 5643 Porro
996 5594 1053 5642 iord
1069 5594 1218 5658 sepulturam
1243 5593 1280 5641 die
1297 5594 1382 5641 Rasur
1404 5592 1465 5642 eino
1483 5591 1517 5640 ad
1605 5589 1767 5657 Otheilweise
1784 5591 1836 5655 aus

153 5657 237 5705 Ram
308 5658 338 5724 g)
357 5657 400 5706 oni
418 5658 470 5722 ares
482 5660 573 5711 Rarur.
593 5702 645 5708 .-.
664 5664 700 5729 ,1)
724 5663 802 5730 Vergl.
821 5665 858 5714 die
880 5665 941 5716 orl.
959 5681 1014 5715 vom
1033 5667 1070 5716 20
1090 5665 1166 5715 Mdrs
1184 5667 1248 5714 1149
1267 5666 1323 5714 und
1338 5680 1392 5714 vom
1410 5667 1444 5714 16
1461 5663 1536 5729 April
1552 5664 1627 5713 1158.

205 5764 226 5793 v.
241 5753 540 5809 oringis-uuum,
555 5757 612 5800 utu
624 5759 668 5801 111.
1599 5753 1630 5806 ¹⁷
