3974 6188
158 276 218 354 162

154 477 260 561 petuis
288 475 401 540 tuturis
424 476 629 558 temporibus
650 470 786 539 firmiter
808 470 1007 537 observetur.
1053 472 1088 538 Si
1111 493 1176 555 qua
1278 468 1409 535 Cunctis
1434 476 1543 535 autem
1569 518 1626 533 ...
1649 464 1823 531 inveniant

154 567 273 630 Amen.
319 566 437 629 Amen.
484 564 603 629 Amen.

366 652 422 739 (R)
446 652 519 737 Ego
542 654 736 718 Anastasius
760 649 920 715 catholice
943 651 1081 714 ecclesie
1103 650 1279 733 episcopus
1301 670 1343 712 ss,

365 745 386 825 †
408 742 481 826 Ego
504 740 644 807 Ymarus
667 739 894 826 (Tusculanus)
917 742 1093 823 episcopus
1116 758 1158 802 ss.

366 834 388 911 †
411 832 484 914 Ego
507 832 665 896 Nicolaus
688 830 839 894 Albanus
863 831 1038 913 episcopus
1062 849 1103 891 ss.

366 918 482 1004 tEgo
506 921 604 985 Iulius
627 920 790 1004 presbiter
812 917 983 983 cardinalis
1007 920 1053 980 tit.
1077 917 1179 981 sancti
1203 914 1344 979 Marcelli
1367 936 1408 977 ss

367 1008 387 1092 t
411 1008 484 1092 Ego
508 1008 586 1075 Odo
610 1012 769 1074 diaconus
793 1008 965 1071 cardinalis
988 1009 1092 1071 sancti
1116 1005 1245 1070 Nicolai
1270 1007 1301 1068 in
1325 1023 1455 1068 carcere
1478 1001 1627 1066 Tulliano
1651 1021 1694 1064 ss.

365 1099 385 1181 †
409 1098 481 1181 Ego
506 1098 615 1162 Guido
638 1099 796 1162 diaconus
819 1097 990 1160 cardinalis
1013 1104 1127 1159 sancte
1151 1097 1253 1158 Marie
1277 1097 1309 1157 in
1333 1095 1463 1156 Porticu
1486 1113 1528 1155 ss,

367 1186 387 1271 †
411 1186 483 1270 Ego
507 1186 669 1252 lohannes
692 1188 852 1251 diaconus
876 1185 1045 1249 cardinalis
1067 1194 1254 1249 sanctorum
1278 1182 1382 1265 Sergii
1406 1190 1439 1245 et
1461 1180 1562 1246 Bachi
1584 1200 1625 1243 ss.

313 1276 390 1340 Dat.
406 1275 568 1354 Laterani,
592 1298 651 1360 per
674 1297 804 1341 manum
821 1275 971 1352 Rolandi,
993 1282 1106 1338 sancte
1128 1273 1277 1337 Romane
1301 1273 1437 1335 ecclesie
1459 1269 1631 1354 presbiteri
1654 1268 1823 1331 cardinalis

155 1372 188 1429 et
211 1364 402 1428 cancellarii.
448 1364 769 1430 xl11Kl.Decemb.
815 1365 997 1429 indictione
1027 1378 1074 1428 111.
1120 1362 1348 1426 Incarnationis
1378 1361 1541 1424 dominice
1564 1379 1649 1423 anno
1675 1355 1822 1444 (domini)

155 1466 288 1519 Meum.
333 1454 545 1520 Pontificatus
568 1475 647 1520 vero
671 1455 784 1518 domni
805 1453 972 1518 Anastasii
997 1473 1083 1536 pape
1107 1466 1158 1516 1111
1181 1472 1266 1515 anno
1290 1450 1444 1513 secundo.

314 1568 514 1634 lmpiirlurkunde
531 1571 570 1621 des
589 1571 623 1622 13
634 1568 738 1636 Jahrb,
756 1569 812 1620 sehr
827 1575 930 1630 ceratia,
951 1566 1107 1633 (Camaldoli,
1127 1569 1195 1617 1154
1208 1565 1293 1616 Marso
1305 1568 1360 1632 20),
1379 1565 1411 1614 im
1424 1563 1537 1614 Archivrb
1556 1564 1583 1613 di
1593 1563 1661 1612 State
1678 1579 1709 1612 au
1721 1563 1823 1613 Florem.

898 1879 965 1954 Nr.
995 1880 1081 1953 151.

156 2011 311 2080 Hadrian
328 2011 389 2079 IV
402 2013 519 2079 nimmt
540 2013 604 2078 das
628 2009 759 2075 Kloster
781 2010 935 2074 Falerone
958 2010 1017 2093 (D.
1043 2010 1175 2088 Ferme)
1206 2010 1240 2072 in
1266 2008 1499 2091 apostolisclzm
1530 2007 1647 2071 Schutr
1678 2006 1752 2070 und
1780 2005 1824 2070 be-

635 2101 748 2186 stiitigt
768 2100 855 2164 scine
877 2099 1113 2163 Besitatlzic'mer
1133 2098 1202 2181 urrd
1222 2098 1346 2163 It'cclrte.

656 2235 738 2296 1155
758 2233 893 2308 Januar
907 2232 960 2295 12.
994 2228 1029 2297 S.
1046 2231 1143 2294 Peter
1155 2250 1216 2294 non
1231 2230 1323 2293 Rom.

316 2363 484 2429 Adrianus
507 2366 692 2450 episcopus,
716 2386 826 2430 servus
849 2385 1018 2428 servorum
1041 2364 1104 2440 dei,
1127 2363 1255 2426 dilectis
1277 2363 1350 2427 filiis
1374 2363 1479 2438 Petro,
1502 2362 1616 2427 abbati
1640 2365 1826 2427 monasterii

158 2452 350 2517 Fallerensis
369 2452 401 2539 ¹),
433 2455 568 2535 eiusque
597 2455 765 2531 fratribuS‚
797 2464 862 2518 tam
895 2453 1101 2536 presentibus
1131 2473 1229 2532 quam
1261 2452 1384 2530 futuris,
1416 2451 1597 2535 regularem
1628 2455 1729 2516 vitam
1754 2474 1827 2536 pro-

158 2543 266 2618 fessis,
297 2543 328 2605 in
361 2551 567 2626 perpetuum.
613 2545 709 2608 Iustis
732 2544 958 2626 religiosorum
982 2542 1151 2606 desideriis
1175 2543 1358 2606 consentire
1382 2563 1420 2604 ac
1443 2542 1691 2605 rationabilibus
1715 2562 1826 2605 eorum

160 2631 435 2714 postulationibus
459 2631 636 2697 clementer
658 2653 811 2709 annuere,
844 2632 1026 2715 apostolice
1049 2633 1151 2707 sedis,
1183 2632 1233 2693 cui
1262 2630 1420 2714 largiente
1450 2633 1587 2695 domino
1616 2631 1825 2707 deservimus,

160 2721 360 2785 auctoritatis
391 2729 424 2784 et
446 2721 587 2786 fraterne
617 2722 756 2786 caritatis
788 2722 892 2784 unitas
923 2742 983 2783 nos
1006 2720 1164 2783 hortatur.
1210 2718 1383 2801 Quocirca,
1413 2721 1523 2783 dilecti
1551 2720 1581 2782 in
1605 2720 1741 2783 domino
1764 2719 1827 2794 filii,

160 2811 274 2874 vestris
307 2809 400 2872 iustis
430 2811 704 2893 postulationibus
739 2811 917 2874 clementer
948 2811 1127 2885 annuimus,
1159 2816 1192 2872 et
1221 2808 1385 2891 prefatum
1419 2810 1664 2884 monasterium,
1698 2806 1731 2871 in
1761 2828 1827 2889 quo

161 2900 270 2962 divino
294 2899 470 2981 mancipati
503 2901 580 2963 estis
611 2900 784 2981 obsequio,
814 2898 875 2961 sub
906 2899 996 2961 beati
1019 2897 1104 2961 Petri
1134 2907 1167 2960 et
1198 2906 1309 2961 nostra
1331 2900 1537 2981 protectione
1559 2898 1764 2981 suscipimus
1796 2906 1829 2960 et

161 2990 321 3071 presentis
344 2988 456 3071 scripti
479 2989 648 3072 privilegio
672 2988 919 3052 communimus.
965 2984 1163 3061 Statuentes,
1191 2995 1226 3049 ut
1249 3007 1454 3068 quecumque
1477 2987 1573 3063 bona,
1604 3007 1828 3069 quascumque

162 3078 386 3158 possessiones
420 3076 507 3140 idem
548 3080 781 3141 monasterium
813 3079 846 3139 in
880 3077 1116 3160 presentiarum
1150 3076 1233 3139 iuste
1265 3085 1298 3140 et
1332 3076 1486 3139 canonice
1524 3077 1674 3158 possidet
1706 3085 1766 3139 aut
1797 3078 1830 3139 in

161 3165 302 3228 futurum
337 3167 551 3230 concessione
581 3166 787 3251 pontificum,
818 3165 990 3248 largitione
1025 3185 1137 3247 regum
1168 3165 1221 3228 vel
1253 3166 1452 3248 principum,
1487 3164 1656 3229 oblatione
1686 3165 1828 3229 fidelium

161 3274 218 3318 seu
242 3253 309 3317 aliis
333 3254 425 3317 iustis
449 3257 564 3332 modis,
587 3262 756 3339 prestante
779 3255 925 3330 dominc,
950 3256 1072 3336 poterit
1094 3254 1239 3336 adipisci,
1264 3253 1357 3318 firma
1379 3254 1473 3318 vobis
1496 3255 1677 3337 vestrisque
1700 3275 1828 3319 succes·

161 3343 291 3406 soribus
314 3351 348 3406 et
370 3343 493 3408 illibata
517 3353 740 3429 permaneant.
784 3343 822 3406 In
844 3343 963 3424 quibus
979 3342 1041 3405 hec
1064 3344 1205 3427 propriis
1228 3344 1381 3406 duximus
1404 3345 1620 3427 exprimenda
1641 3343 1829 3407 vocabulis:

161 3432 269 3495 locum
294 3431 421 3496 Fallere
444 3454 517 3496 cum
546 3435 749 3518 appendiciis
771 3435 846 3507 suis,
870 3429 989 3508 locum,
1013 3434 1045 3495 in
1069 3452 1135 3513 quo
1159 3434 1326 3513 quondam
1341 3431 1409 3496 'tuit
1439 3432 1578 3496 ecclesia
1599 3436 1703 3498 sancti
1727 3431 1830 3496 Grati·

158 3521 244 3597 liani,
268 3541 342 3583 cum
366 3522 568 3604 appendiciis
591 3524 664 3598 suis,
688 3525 800 3587 vineas
823 3521 866 3583 de
881 3520 1038 3597 'serrano
1063 3528 1097 3584 et
1120 3520 1229 3584 locum
1251 3524 1354 3585 sancti
1376 3521 1527 3585 Iohannis
1550 3523 1593 3585 de
1608 3523 1734 3586 Toram
1757 3543 1830 3586 cum

159 3610 364 3692 appendiciis
387 3611 462 3686 suis,
493 3619 612 3675 terram
636 3612 679 3676 de
702 3611 848 3687 Closura,
881 3616 1010 3686 terram,
1035 3629 1099 3696 que
1130 3618 1180 3672 est
1202 3631 1222 3673 a
1246 3611 1341 3674 Fulta
1364 3612 1422 3674 rivi
1445 3611 1488 3674 de
1512 3608 1704 3695 Marignano
1728 3631 1830 3693 usque

159 3698 201 3761 ad
221 3698 354 3762 Vadum
376 3699 493 3776 salicis,
518 3708 551 3764 et
573 3721 593 3763 a
614 3703 684 3764 rivo
708 3701 810 3763 sancti
832 3698 1009 3774 Gratiliani,
1031 3698 1115 3761 sicut
1137 3699 1252 3763 dividit
1274 3708 1359 3763 terra
1381 3702 1484 3763 sancti
1506 3700 1637 3777 Leonis,
1660 3721 1766 3783 usque
1788 3701 1829 3764 ad

159 3789 244 3851 viam
267 3789 311 3851 de
334 3786 451 3864 Casali,
474 3797 508 3852 et
530 3790 638 3852 tendit
659 3790 701 3853 ad
725 3787 843 3852 vallem
866 3789 909 3851 de
926 3788 1125 3871 Madgnono,
1148 3789 1312 3871 grangiam
1337 3809 1469 3870 quoque
1492 3789 1534 3852 de
1558 3789 1649 3853 fonte
1665 3787 1829 3866 Sambuci,

160 3884 194 3940 et
223 3884 353 3953 terram,
384 3894 483 3956 quam
514 3879 608 3942 dedit
634 3878 729 3942 vobis
752 3886 864 3941 sancte
888 3878 1046 3940 memorie
1077 3898 1165 3960 papa
1189 3877 1353 3959 Eugenius
1384 3899 1458 3940 curn
1490 3898 1650 3942 consensu
1679 3877 1829 3943 Oddonis

160 3965 475 4048 Frangentispanem
506 3975 540 4029 et
562 3966 647 4030 Petri
668 3967 758 4030 Latri
792 3975 825 4030 et
847 3963 1018 4049 Stephani,
1047 3967 1103 4047 qui
1128 3966 1282 4029 Francius
1305 3975 1449 4043 vocatur,
1473 3975 1506 4031 et
1528 3966 1717 4043 Theodore,
1740 3990 1760 4032 a
1782 3970 1830 4032 via

160 4053 215 4118 del
237 4052 319 4132 Sais,
343 4050 408 4135 que
430 4055 520 4119 vadit
542 4056 585 4120 ad
608 4055 723 4119 silvam
747 4054 887 4118 Rolandi
911 4063 944 4118 et
967 4075 987 4117 a
1009 4057 1196 4119 summitate
1220 4056 1340 4119 montis
1363 4055 1562 4133 Carbonarii,
1592 4059 1678 4120 sicut
1708 4058 1830 4140 pendet

160 4162 272 4207 versus
303 4144 479 4226 grangiam,
513 4146 682 4227 usquead
713 4153 833 4226 puteos
862 4150 897 4206 et
918 4163 1022 4224 usque
1044 4144 1087 4206 ad
1117 4145 1299 4227 predictam
1324 4145 1450 4226 sylvam
1473 4146 1631 4222 Rolandi,
1661 4147 1828 4211 ecclesiam

161 4235 261 4296 etiam
284 4233 387 4295 sancti
410 4228 541 4297 Martini
572 4254 647 4296 cum
670 4233 876 4316 appendiciis
899 4235 977 4307 suis,
1008 4240 1042 4295 et
1072 4230 1244 4297 ecclesiam
1275 4235 1378 4297 sancti
1403 4232 1579 4299 Salvatoris
1610 4255 1685 4298 cum
1709 4256 1830 4319 appen-

161 4322 254 4384 diciis
276 4323 351 4396 suis,
375 4330 524 4404 preterea
546 4323 738 4406 speluncam
762 4321 805 4385 de
822 4321 1029 4385 Calcannano
1044 4322 1140 4385 vobis
1156 4321 1362 4386 nihilominus
1386 4323 1623 4387 confirmamus
1653 4324 1829 4389 Statuimus

162 4413 261 4475 etiam
296 4416 329 4474 et
367 4412 526 4493 presentis
559 4413 682 4475 decreti
723 4413 905 4474 assertione
939 4410 1122 4487 firmamus,
1156 4420 1192 4475 ut
1226 4413 1457 4475 monasterium
1489 4422 1633 4477 vestrum
1668 4414 1710 4478 ab
1747 4414 1830 4481 omni

162 4501 336 4563 exactione
359 4500 515 4563 laicarum
538 4520 751 4583 personarum
775 4500 807 4562 in
830 4508 1026 4582 perpetuum
1048 4500 1185 4564 liberum
1211 4510 1350 4576 maneat,
1374 4511 1408 4565 et
1430 4500 1532 4565 nullus
1555 4523 1574 4566 a
1597 4504 1690 4567 vobis
1713 4506 1830 4568 audeat

162 4588 309 4671 qualibet
342 4588 496 4652 violentia
530 4588 648 4668 aliquid
684 4596 891 4668 extorquere.
952 4586 1039 4652 Sane
1073 4589 1222 4653 laborum
1257 4599 1440 4653 vestrorum
1475 4593 1517 4654 de
1551 4592 1661 4667 terris,
1703 4614 1785 4676 quas
1812 4613 1830 4655 a

161 4678 313 4741 Romana
336 4678 474 4741 ecclesia
496 4679 682 4761 possidetis
715 4696 795 4756 quas
819 4680 918 4740 etiam
943 4680 1083 4760 propriis
1116 4680 1265 4743 manibus
1288 4689 1344 4742 aut
1366 4680 1549 4762 sumptibus
1581 4679 1697 4757 colitis,
1730 4683 1830 4746 nullus

163 4767 298 4831 avobis
321 4766 465 4830 decimas
488 4774 655 4849 presumat
678 4769 820 4848 exigere.
866 4765 1081 4830 Prohibemus
1113 4770 1252 4850 insuper,
1286 4777 1321 4831 ut
1344 4768 1446 4831 nullus
1479 4768 1649 4850 fugitivum
1680 4781 1831 4846 vestrum,

163 4859 232 4920 sive
262 4858 305 4918 sit
333 4855 511 4919 monachus
540 4856 593 4919 vel
625 4875 812 4930 conversus,
842 4857 911 4919 sine
944 4861 1051 4919 vestra
1080 4857 1212 4920 licentia
1242 4859 1389 4938 recipere
1418 4858 1538 4922 audeat
1569 4878 1627 4922 seu
1655 4870 1831 4944 receptum,

164 4952 341 5029 postquam
364 4965 384 5007 a
406 4945 501 5008 vobis
533 4945 630 5008 luerit
661 4945 847 5026 requisitus,
881 4946 1056 5008 occasione
1086 4947 1195 5027 aliqua
1225 4948 1374 5010 retinere.
1420 4947 1635 5011 Decernimus
1666 4969 1762 5032 ergo,
1799 4956 1832 5011 ut

166 5034 242 5097 nulli
272 5035 408 5097 omnino
437 5032 608 5096 hominum
641 5034 754 5109 liceat,
786 5033 947 5114 prefatum
979 5037 1210 5099 monasterium
1241 5056 1320 5099 ausu
1353 5036 1525 5100 temerario
1556 5039 1749 5120 perturbare
1780 5045 1832 5102 aut

164 5125 233 5186 eius
256 5123 479 5206 possessiones
502 5122 627 5187 auferre
650 5122 701 5186 vel
725 5119 850 5185 ablatas
874 5125 1022 5199 retinere,
1047 5127 1191 5187 minuere
1207 5145 1264 5188 seu
1288 5125 1486 5205 quibuslibet
1508 5127 1741 5191 vexationibus
1765 5128 1832 5191 lati·

164 5232 250 5295 gare,
281 5212 340 5275 sed
367 5211 492 5275 illibata
523 5214 634 5276 omnia
666 5219 700 5274 et
731 5213 856 5294 integra
880 5221 1113 5276 conserventur
1136 5234 1257 5290 eorum,
1289 5235 1349 5296 pro
1374 5234 1513 5294 quorum
1543 5215 1780 5297 gubernatione
1802 5224 1832 5281 et

163 5300 423 5365 substentatione
446 5320 603 5365 concessa
618 5309 702 5376 sunt,
725 5300 835 5363 usibus
852 5302 1050 5365 omnimodis
1071 5302 1249 5385 profutura,
1273 5304 1362 5367 salva
1377 5305 1465 5368 sedis
1488 5302 1673 5388 apostolice
1695 5309 1830 5372 auctori·

164 5397 242 5453 tate.
288 5386 323 5452 Si
346 5409 411 5470 qua
434 5390 532 5472 igitur
658 5388 792 5453 Cunctis
815 5398 923 5453 autem
1052 5392 1223 5456 inveniant
1268 5390 1387 5457 Amen.

165 5523 428 5532 Ἠ*
438 5524 500 5530 —.-
511 5525 514 5530 .
526 5525 585 5530 ......

327 5584 352 5650 1)
371 5582 487 5633 Falrrone
509 5598 565 5631 war
584 5581 622 5632 ein
644 5583 706 5631 alter
728 5581 881 5649 Bi‘schosssitr
895 5599 1008 5649 gewesm,
1032 5584 1107 5648 vergi.
1129 5583 1272 5648 Coppelletti,
1301 5583 1380 5634 Chiese
1397 5584 1445 5633 III
1453 5591 1480 5649 p.
1500 5584 1569 5644 660:
1590 5584 1621 5637 G.
1643 5582 1752 5648 Codiccr',
1770 5586 1831 5636 Sulla

165 5655 259 5705 antiche
276 5651 332 5703 citra
351 5654 438 5705 Falern
456 5662 479 5704 et
499 5653 596 5720 Tigm'o,
634 5653 718 5704 Ferme
737 5656 814 5704 1777.
