3982 6194
1791 261 1833 343 67

153 452 185 505 et
210 450 327 505 nostra
348 444 556 523 protectione
577 444 771 524 suscipimus
794 453 827 505 et
850 447 1009 525 presentis
1026 448 1140 529 scripti
1153 449 1324 530 privilegio
1340 451 1589 512 communimus.
1636 448 1832 525 Statuentes,

154 542 188 593 ut
213 552 442 614 quascumque
465 533 698 614 possessiones,
731 553 936 615 quecumque
965 536 1056 598 bona
1086 539 1118 598 in
1143 539 1378 618 presentiarum
1410 540 1492 601 iuste
1516 547 1549 601 et
1572 539 1730 601 canonice
1757 559 1834 619 pos·

154 621 278 697 sidetis,
303 630 361 684 aut
385 623 417 684 in
441 622 583 684 futurum
606 624 818 686 concessione
842 624 1044 704 pontificum,
1077 627 1247 707 largitione
1271 648 1392 708 regum,
1420 627 1615 691 liberalitate
1638 627 1832 709 principum,

154 712 328 774 oblatione
356 711 503 774 fidelium
533 732 589 773 seu
621 711 691 773 aliis
722 713 813 774 iustis
845 714 952 775 modis
983 715 1046 777 deo
1079 716 1224 797 propitio
1255 718 1405 797 poteritis
1435 717 1580 798 adipisci,
1614 717 1705 779 firma
1737 717 1833 779 vobis

155 801 340 883 vestrisque
363 801 605 863 successoribus
632 811 665 862 et
690 800 815 864 illibata
846 814 1068 883 permaneant.
1114 806 1149 867 In
1181 806 1299 885 quibus
1330 806 1391 868 hec
1422 808 1563 887 propriis
1596 806 1748 869 duximus
1778 827 1832 868 ex·

155 890 332 971 primenda
358 890 542 953 vocabulis:
583 889 715 971 plebem
747 890 788 953 de
812 892 914 972 Nigra
946 913 1020 954 cum
1053 894 1271 957 decimatione
1302 906 1335 957 et
1366 896 1500 976 capellis
1531 896 1605 971 suis,
1634 895 1766 977 plebem
1791 895 1832 956 de

154 977 246 1042 Villa
270 999 490 1062 magnacum
515 980 732 1042 decimatione
756 990 790 1042 et
812 981 946 1062 capellis
969 983 1043 1057 suiS,
1075 993 1199 1045 curtem
1222 993 1255 1046 et
1278 984 1449 1047 ecclesiam
1480 986 1521 1047 de
1552 995 1666 1047 sancta
1688 983 1831 1065 Agatha,

156 1070 331 1132 ecclesiam
355 1069 398 1132 de
420 1069 660 1144 Guardastallo,
685 1070 845 1150 capellam
870 1070 911 1133 de
932 1071 1047 1134 Monte
1071 1073 1194 1146 maiori,
1219 1072 1391 1136 ecclesiam
1415 1075 1456 1136 de
1472 1074 1636 1149 Nubiano,
1661 1073 1832 1136 ecclesiam

157 1161 199 1222 de
222 1159 377 1234 petriolo,
402 1160 655 1220 decimationem
680 1159 863 1245 Wlterrane
894 1160 1009 1241 plebis,
1040 1161 1290 1225 decimationem
1315 1163 1356 1224 de
1381 1164 1544 1227 Monterio
1568 1164 1609 1225 de
1632 1173 1724 1244 parte
1749 1164 1831 1242 epis·

158 1251 232 1330 copi
258 1258 292 1311 et
316 1248 521 1321 marchionis,
555 1247 740 1310 oblationes
765 1269 880 1311 omnes
903 1250 1049 1312 eiusdem
1074 1252 1208 1337 ecclesie
1232 1263 1341 1333 preter
1368 1272 1475 1315 ceram
1508 1264 1541 1315 et
1568 1252 1677 1314 oleum
1701 1272 1721 1313 a
1744 1252 1833 1334 bone

158 1339 317 1425 memorie
332 1338 543 1399 BENEDICTO
560 1336 721 1412 videlicet,
744 1339 953 1400 HERMANNO
970 1350 1003 1401 et
1018 1341 1183 1402 ROGERIO
1202 1341 1235 1420 ¹),
1261 1341 1452 1404 Wlterranis
1475 1342 1650 1423 episcopis,
1674 1342 1832 1403 canonice

157 1428 253 1489 vobis
276 1447 459 1502 concessas
494 1427 649 1508 quicquid
678 1426 807 1489 habetis
838 1429 870 1490 in
902 1439 991 1491 curte
1021 1440 1053 1491 et
1082 1430 1212 1492 civitate
1236 1430 1429 1506 Wlterrana,
1461 1431 1494 1492 in
1525 1442 1614 1493 curte
1646 1430 1687 1492 de
1718 1439 1831 1492 monte

158 1517 333 1592 Wltrari0,
365 1518 398 1578 in
422 1527 511 1579 curte
535 1516 576 1578 de
601 1515 726 1592 Casula,
751 1517 782 1578 in
807 1527 895 1579 curte
920 1518 961 1580 de
986 1519 1155 1593 Menzano,
1187 1520 1219 1580 in
1247 1529 1336 1581 curte
1360 1521 1401 1582 de
1424 1529 1538 1582 sancto
1562 1519 1767 1594 Geminiano,
1799 1520 1831 1580 in

159 1618 248 1668 curte
272 1608 316 1669 de
340 1606 484 1670 Castello
507 1606 617 1679 veteri,
649 1606 682 1667 in
706 1616 795 1668 curte
819 1617 851 1669 et
875 1608 1009 1670 castello
1034 1608 1075 1670 de
1099 1609 1208 1689 Nigra,
1241 1609 1272 1670 in
1297 1619 1386 1671 curte
1417 1609 1458 1671 de
1482 1619 1594 1672 monte
1618 1608 1766 1683 Turios0,
1797 1609 1830 1669 in

159 1705 246 1758 curte
281 1696 324 1758 de
351 1706 446 1778 petra
476 1696 651 1776 Raininga‚
682 1695 812 1757 tertiam
844 1707 972 1778 partem
1005 1698 1101 1759 curtis
1133 1708 1165 1759 et
1196 1698 1318 1760 castelli
1350 1699 1392 1760 de
1422 1697 1644 1778 Camporena,
1677 1699 1708 1759 in
1741 1707 1830 1759 curte

160 1787 197 1847 dc
229 1786 368 1848 castello
399 1785 497 1859 Falfi,
530 1785 561 1846 in
594 1794 682 1846 curte
714 1784 755 1847 de
782 1785 903 1866 Liguli,
935 1787 967 1848 in
999 1796 1088 1848 curte
1121 1797 1153 1848 et
1184 1786 1318 1849 castello
1347 1787 1388 1848 dc
1417 1787 1562 1863 Gezano,
1595 1788 1626 1848 in
1658 1796 1746 1848 curte
1769 1787 1829 1848 La-

159 1886 251 1949 tret0,
285 1876 319 1937 in
344 1885 433 1937 curte
457 1875 498 1936 de
521 1872 666 1948 Pezzole,
697 1875 728 1935 in
754 1881 843 1936 curte
867 1875 908 1937 de
933 1875 1110 1951 Montec10,
1139 1877 1170 1938 in
1196 1885 1284 1938 curte
1309 1876 1350 1938 de
1374 1886 1486 1939 monte
1510 1876 1652 1951 Cuccari,
1686 1877 1718 1937 in
1742 1884 1831 1938 curte

160 1965 196 2026 de
229 1963 321 2026 Villa
354 1984 489 2045 magna,
521 1964 553 2024 in
587 1974 677 2026 curte
708 1963 749 2025 de
783 1961 887 2040 Pava,
919 1965 951 2026 in
983 1974 1072 2026 curte
1103 1975 1136 2026 et
1167 1965 1301 2027 castello
1335 1966 1376 2028 de
1408 1966 1572 2040 Laiatic0,
1605 1967 1637 2026 in
1669 1975 1758 2027 curte
1789 1965 1830 2026 de

160 2053 284 2128 Belora,
310 2056 343 2116 in
368 2063 456 2116 curte
481 2053 522 2115 de
546 2053 653 2114 casale
676 2051 796 2128 Iustuli‚
829 2055 860 2115 in
885 2064 973 2116 curte
997 2054 1039 2115 de
1063 2065 1175 2116 monte
1199 2054 1366 2130 Scudari0‚
1396 2056 1428 2116 in
1453 2054 1606 2130 Cornin0,
1639 2055 1671 2115 in
1695 2052 1830 2116 castello

159 2156 186 2205 ct
210 2152 304 2206 curte
328 2143 370 2205 de
393 2143 490 2217 Valli,
515 2142 724 2204 medietatem
749 2144 790 2204 de
814 2152 903 2204 curte
936 2152 969 2204 et
1000 2143 1133 2205 castello
1165 2143 1205 2205 de
1228 2144 1369 2218 Rotano,
1401 2155 1524 2206 curtem
1548 2144 1651 2206 sancti
1676 2144 1829 2228 Mamme‚

160 2233 295 2295 domum
319 2253 418 2295 unam
450 2233 483 2293 in
506 2232 640 2293 Lucana
671 2233 811 2294 civitate.
856 2231 1052 2294 Sanctorum
1083 2252 1216 2313 quoque
1239 2243 1368 2314 patrum
1400 2235 1627 2296 auctoritatem
1656 2242 1830 2313 sequentes

160 2324 382 2404 prohibemus,
414 2329 449 2384 ut
472 2321 550 2383 nulli
575 2322 733 2402 episcopo
758 2321 901 2402 aliquam
925 2322 1166 2384 ordinationem
1197 2323 1230 2384 in
1255 2322 1370 2384 eadem
1395 2322 1532 2384 ecclesia
1556 2322 1662 2384 facere
1684 2321 1736 2383 vel
1759 2342 1829 2401 per-

162 2433 276 2475 sonam
302 2411 477 2474 excludere
505 2411 574 2473 sive
603 2410 693 2472 bona
716 2411 927 2491 episcopatus
951 2413 983 2473 in
1007 2412 1144 2492 pignore
1167 2412 1218 2473 vel
1244 2411 1342 2473 feudo
1366 2412 1460 2474 alicui
1494 2412 1572 2474 dare
1601 2433 1657 2474 seu
1683 2411 1831 2492 quolibet

162 2503 261 2564 modo
287 2502 430 2564 alienare
453 2500 578 2580 absque
602 2501 768 2562 communi
794 2500 927 2562 fratrum
950 2501 1001 2562 vel
1024 2501 1161 2563 sanioris
1184 2502 1286 2581 partis
1306 2501 1443 2563 consilio
1467 2501 1570 2565 liceat
1616 2501 1831 2563 Decernimus

162 2611 247 2672 erg0,
281 2601 318 2653 ut
349 2591 427 2652 nulli
458 2590 593 2652 omnino
626 2589 796 2651 hominum
827 2589 931 2664 liceat,
964 2591 1028 2652 iam
1061 2591 1183 2652 dictam
1213 2590 1385 2652 ecclesiam
1416 2600 1539 2652 temere
1562 2590 1752 2671 perturbare
1776 2598 1832 2651 aut

162 2682 226 2743 eius
250 2681 478 2762 possessiones
501 2679 626 2741 auferre
649 2679 700 2740 vel
725 2679 851 2741 ablatas
875 2680 1019 2754 retinere,
1045 2680 1189 2741 minuere
1212 2700 1268 2741 seu
1293 2679 1493 2760 quibuslibet
1513 2680 1671 2742 molestiis
1686 2678 1829 2760 fatigare,

161 2779 207 2832 set
237 2770 350 2831 omnia
380 2770 507 2850 integra
527 2765 555 2851 a)
585 2777 816 2830 conserventur
845 2788 973 2842 eorum,
1005 2788 1066 2849 pro
1098 2788 1237 2849 quorum
1267 2769 1501 2850 gubernatione
1531 2777 1565 2831 et
1595 2768 1831 2830 sustentatione

162 2878 319 2922 concessa
341 2867 428 2936 sunt,
452 2858 564 2920 usibus
588 2857 782 2919 omnimodis
806 2856 982 2938 profutura,
1007 2856 1094 2919 salva
1117 2858 1203 2918 sedis
1228 2858 1409 2943 apostolice
1424 2860 1618 2920 auctoritate
1635 2866 1667 2920 et
1683 2857 1830 2939 episcopi

160 2951 257 3011 vestri
283 2949 442 3011 canonica
465 2947 652 3010 reverentia.
700 2945 755 3008 Ad
788 2947 936 3008 inditium
966 2955 1076 3009 autem
1107 2946 1200 3008 huius
1223 2968 1242 3008 a
1264 2948 1344 3009 sede
1371 2947 1554 3028 apostolica
1577 2955 1733 3029 percepte
1756 2965 1830 3026 pro-

160 3040 310 3101 tectionis
334 3056 395 3100 sex
417 3037 569 3100 denarios
588 3033 617 3119 b)
640 3036 797 3098 Lucensis
829 3043 960 3122 monete
991 3035 1084 3098 nobis
1108 3037 1292 3117 nostrisque
1320 3037 1562 3099 successoribus
1586 3036 1676 3098 annis
1699 3033 1831 3116 singulis

161 3126 366 3209 persolvetis.
416 3124 450 3190 Si
482 3146 546 3205 qua
578 3127 673 3208 igitur
703 3125 734 3187 in
766 3125 909 3187 futurum
943 3124 1162 3188 ecclesiastica
1192 3126 1385 3188 secularisve
1417 3145 1576 3207 persona,
1608 3125 1691 3188 hanc
1722 3133 1831 3211 nostre

161 3217 404 3280 constitutionis
427 3217 578 3298 paginam
601 3216 714 3290 sciens,
747 3222 860 3277 contra
883 3234 955 3277 eam
979 3224 1102 3277 temere
1131 3217 1242 3276 venire
1266 3216 1484 3296 temptaverit,
1515 3215 1660 3278 secundo
1691 3215 1831 3276 tertiove

160 3309 371 3381 commonita,
394 3307 421 3368 si
445 3325 510 3368 non
532 3305 751 3367 satisfactione
775 3324 918 3385 congrua
941 3304 1172 3379 emendaverit,
1196 3305 1366 3385 potestatis
1389 3304 1590 3386 honorisque
1609 3304 1658 3366 sui
1674 3303 1831 3385 dignitate

160 3405 269 3460 careat
292 3414 449 3475 reamque
472 3414 508 3458 se
530 3394 640 3457 divino
664 3395 786 3456 iudicio
809 3394 948 3456 existere
972 3394 1014 3456 de
1037 3400 1224 3475 perpetrata
1247 3394 1417 3472 iniquitate
1433 3402 1621 3476 cognoscat,
1645 3401 1678 3456 et
1693 3414 1712 3455 a
1726 3412 1830 3454 sacra·

160 3488 289 3549 tissimo
312 3504 454 3568 corpore
477 3505 515 3547 ac
536 3485 694 3566 sanguine
718 3483 772 3545 dei
796 3491 828 3545 et
851 3484 985 3557 domini,
1016 3483 1232 3564 redemptoris
1262 3485 1363 3546 nostri
1387 3484 1459 3545 lesu
1482 3482 1611 3558 Christi,
1641 3480 1830 3558 alienafiat,

159 3586 258 3659 atque
282 3579 317 3638 in
341 3583 492 3639 extremo
516 3575 666 3637 examine
690 3573 834 3634 districte
858 3572 972 3634 ultioni
996 3572 1172 3635 subiaceat.
1220 3572 1352 3636 Cunctis
1376 3580 1494 3648 autem,
1518 3573 1625 3635 eidem
1650 3571 1725 3635 loco
1749 3572 1831 3632 iusta

158 3666 376 3739 servantibus,
392 3666 435 3727 sit
454 3685 521 3746 pax
541 3661 546 3749 l
566 3663 692 3725 domini
708 3663 809 3724 nostri
825 3661 898 3724 Iesu
915 3661 1040 3736 Christi,
1065 3663 1215 3743 quatinus
1232 3670 1265 3724 et
1279 3660 1333 3724 hic
1349 3661 1490 3724 fructum
1506 3661 1593 3748 bone
1608 3661 1743 3724 actionis
1759 3679 1832 3742 per·

158 3758 282 3840 cipiant
305 3765 341 3819 et
364 3756 452 3836 apud
476 3755 659 3815 districtum
682 3752 823 3814 iudicem
847 3752 970 3832 premia
994 3759 1103 3836 eterne
1126 3752 1216 3832 pacis
1235 3752 1407 3814 inveniant.
1444 3751 1565 3814 A—m.
1588 3751 1664 3814 Am.
1688 3748 1764 3812 Am.
1787 3785 1831 3795 -

376 3843 433 3927 (R)
458 3843 530 3924 Ego
554 3841 719 3924 Eugenius
743 3839 904 3928 catholice
927 3839 1062 3927 ecclesie
1085 3842 1261 3922 episcopus
1284 3860 1325 3902 ss.
1348 3838 1410 3926 (M)

376 3931 397 4015 †
420 3932 493 4014 Ego
518 3930 689 3995 Conradus
712 3930 901 3994 Sabinensis
925 3932 1100 4012 episcopus
1123 3950 1164 3990 ss.

376 4020 397 4104 †
420 4022 493 4104 Ego
516 4020 757 4083 Theodewinus
780 4027 891 4106 sancte
915 4018 1031 4106 Rufine
1055 4021 1232 4100 episcopus
1254 4037 1295 4079 ss.
1319 4020 1366 4097 (9)

376 4147 418 4156 -
442 4109 462 4194 †
486 4110 558 4191 Ego
583 4107 759 4191 Gregorius
783 4109 945 4188 presbiter
969 4108 1140 4171 cardinalis
1164 4109 1211 4168 tit.
1238 4104 1355 4169 Calixti
1378 4126 1420 4168 ss.

376 4199 397 4283 †
420 4201 493 4283 Ego
516 4199 685 4262 Rainerius
709 4197 871 4279 presbiter
893 4197 1062 4260 cardinalis
1085 4199 1133 4259 tit.
1157 4203 1268 4258 sancte
1292 4197 1400 4258 Prisce
1421 4215 1462 4257 55.

374 4291 395 4372 †
418 4291 491 4372 Ego
516 4286 630 4351 GUIdo
649 4287 680 4370 c)
705 4286 863 4369 presbiter
887 4287 1058 4350 cardinalis
1080 4295 1266 4348 sanctorum
1289 4285 1455 4348 Laurentii
1480 4293 1513 4347 ct
1536 4283 1669 4346 Damasi
1692 4303 1733 4345 55.

374 4380 395 4461 i
418 4380 491 4461 Ego
514 4377 661 4440 Thomas
685 4376 845 4459 presbiter
868 4376 1036 4439 cardinalis
1059 4377 1105 4438 tit.
1130 4374 1267 4437 Vestine
1290 4394 1331 4436 ss.

374 4472 395 4547 †
418 4468 491 4550 Ego
516 4467 704 4531 Mansredus
728 4466 891 4547 presbiter
914 4464 1081 4527 cardinalis
1105 4467 1152 4526 tit.
1175 4472 1288 4527 sancte
1311 4463 1429 4527 Savine
1453 4481 1493 4523 ss.

374 4559 395 4638 †
417 4560 490 4640 Ego
514 4555 689 4619 Aribertus
713 4554 875 4637 presbiter
899 4552 1070 4617 cardinalis
1093 4555 1140 4615 tit.
1164 4562 1275 4638 sancte
1300 4551 1473 4638 Anastasie
1496 4571 1537 4612 ss.

374 4647 395 4729 †
418 4648 491 4729 Ego
515 4645 612 4709 lulius
637 4645 800 4727 presbiter
823 4642 992 4706 cardinalis
1015 4644 1062 4705 tit.
1087 4643 1188 4705 sancti
1213 4641 1360 4705 Marcelli
1383 4662 1424 4704 55.
1449 4637 1498 4723 (1)

374 4736 394 4818 †
417 4735 490 4818 Ego
505 4734 651 4798 Villanus
674 4733 837 4816 presbiter
859 4730 1031 4795 cardinalis
1054 4734 1101 4794 tit.
1125 4733 1227 4793 sancti
1243 4728 1403 4813 Stephani
1428 4733 1459 4792 in
1476 4727 1567 4793 Celio
1592 4736 1704 4792 monte
1725 4750 1765 4790 55.
1784 4730 1830 4810 (1)

374 4861 419 4872 -
441 4825 461 4907 †
484 4822 556 4907 Ego
581 4822 758 4905 Gregorius
781 4823 940 4884 diaconus
963 4822 1134 4884 cardinalis
1157 4828 1346 4883 sanctorum
1370 4816 1473 4901 Sergii
1497 4827 1530 4881 et
1552 4817 1654 4880 Bachi
1678 4839 1718 4880 55.

374 4917 395 4996 †
417 4915 490 4998 Ego
514 4912 597 4977 Otto
622 4914 778 4975 diaconus
801 4910 968 4974 cardinalis
990 4911 1092 4973 sancti
1117 4909 1251 4992 Georgii
1276 4910 1317 4972 ad
1340 4908 1458 4972 Velum
1483 4927 1615 4970 aureum
1640 4927 1681 4970 55.

374 5004 395 5086 †
417 5003 490 5088 Ego
515 5002 625 5066 Guido
648 5002 803 5064 diaconus
827 4999 997 5063 cardinalis
1020 5008 1205 5062 sanctorum
1231 4998 1350 5085 Cosme
1374 5006 1406 5060 et
1431 4996 1581 5059 Damiani
1605 5017 1645 5057 ss.

374 5093 394 5175 †
417 5096 490 5176 Ego
515 5091 713 5155 Octavianus
737 5091 892 5153 diaconus
917 5089 1088 5152 cardinalis
1110 5090 1214 5151 sancti
1237 5087 1366 5151 Nicolai
1396 5087 1428 5148 in
1460 5105 1589 5148 carcere
1613 5085 1764 5150 Tulliano
1788 5107 1831 5150 ss.

374 5182 395 5263 †
417 5183 490 5265 Ego
513 5183 627 5245 Petrus
651 5181 808 5242 diaconus
831 5178 1000 5242 cardinalis
1023 5185 1134 5241 sancte
1159 5179 1262 5241 Marie
1285 5179 1317 5239 in
1340 5177 1470 5239 Porticu
1494 5197 1534 5238 ss

375 5271 395 5354 †
419 5275 492 5355 Ego
508 5270 667 5335 Astaldus
684 5270 841 5332 diaconus
857 5269 1029 5332 cardinalis
1044 5269 1147 5330 sancti
1164 5266 1329 5330 Eustachii
1346 5268 1436 5329 iuxta
1451 5263 1611 5347 templum
1623 5265 1775 5348 Agrippe
1790 5284 1832 5328 ss.

374 5365 395 5442 †
418 5362 491 5445 Ego
514 5359 676 5424 Iohannes
700 5359 855 5422 diaconus
879 5357 1052 5421 cardinalis
1075 5359 1179 5420 sancti
1202 5356 1341 5419 Adriani
1364 5375 1407 5417 ss.

374 5452 395 5534 †
415 5450 488 5534 Ego
511 5448 673 5514 Iohannes
697 5449 855 5511 diaconus
879 5447 1051 5511 cardinalis
1073 5455 1186 5510 sancte
1208 5446 1311 5510 Marie
1334 5443 1429 5508 Nove
1452 5463 1493 5506 ss.
1517 5445 1565 5524 (ι)

317 5593 344 5658 a)
357 5560 534 5656 hit—eifum-
549 5559 589 5653 bl
609 5604 636 5638 ar
654 5589 706 5655 auf
720 5591 803 5638 Ram
886 5590 910 5654 c)
930 5586 1044 5637 zwisclten
1061 5588 1120 5653 Ego
1137 5588 1193 5637 und
1208 5587 1292 5639 Guido
1308 5591 1414 5653 gvissere
1430 5586 1521 5636 Rasur.
1541 5622 1595 5629 -
1614 5587 1652 5647 ,1)
1678 5584 1754 5650 Vcrgl.
1782 5583 1834 5632 hier
1885 5506 1960 5800 ι

155 5666 192 5716 die
209 5664 326 5730 Brichbse
344 5664 401 5713 oben
419 5663 446 5714 S.
465 5663 500 5714 ⁶3
523 5663 597 5712 Anm.
1618 5732 1635 5771 *

1595 5749 1611 5800 9
