3974 6188
167 266 207 346 58

327 450 396 516 Ferg.
417 451 477 510 ital,
495 452 530 504 br.
549 452 618 511 0,59,
636 452 696 516 lang
713 452 781 511 057,
806 458 880 499 unten
899 452 960 509 0,or
979 451 1168 516 umgescilagm,
1193 449 1270 498 durch
1289 450 1305 498 2
1324 448 1418 498 L'o'rlur
1429 448 1493 514 ging
1509 448 1546 498 die
1563 449 1669 508 Srinur,
1694 448 1782 498 welche
1798 448 1847 496 mit

165 523 217 571 dem
236 521 362 587 Bleisiegel
384 525 500 572 verluren.
537 523 644 588 Fultung
670 524 713 572 der
739 523 836 570 Brillerr.
873 523 928 571 Das
954 523 1077 571 inintelL
1095 524 1126 570 ist
1148 523 1254 580 versiert,
1283 520 1328 569 das
1354 520 1432 569 made
1459 521 1628 585 cingeremeU
1656 521 1736 586 menig
1757 521 1842 569 beteret

165 594 450 657 Interpuuklionsuichen
468 595 511 643 der
527 603 603 644 erstm
615 595 677 644 Zeilc
694 595 725 642 ist
740 593 841 658 rinsast
857 593 990 642 mittrlhoch
1008 593 1131 644 sretmder
1141 593 1374 656 Doppcliibrrpunkt.
1417 592 1574 657 Verewigung
1585 592 1654 641 Nra
1669 592 1721 657 Juss
1734 591 1788 640 Pus
1799 626 1808 640 .
1824 628 1841 651 .,

164 666 431 730 betont,fiill10,079.
468 666 609 731 Majuskeln
626 667 659 715 im
678 666 817 729 liturn'pte
834 665 922 725 brim,
947 666 1027 730 gmit
1043 664 1269 730 linksgcsclrrueijter
1289 663 1448 728 Unterldnge,
1474 670 1497 712 ct
1515 664 1571 711 und
1587 670 1608 712 st
1631 663 1710 712 stelen
1734 663 1842 711 riemlich

165 737 232 785 dici!
246 750 399 795 mmmmm
426 738 463 787 dic
481 745 503 787 st
519 738 578 786 sind
592 739 687 786 balten-
704 737 759 786 und
777 736 1037 802 scilingclbalkenlrast
1055 736 1201 794 verbunden,
1229 742 1253 784 ct
1271 736 1349 784 ebnrso
1367 735 1422 783 und
1436 736 1571 784 ausserdem
1589 734 1649 785 nori
1667 735 1713 783 mit
1728 751 1781 784 nur
1796 751 1844 783 an·

160 809 294 873 gedeurcter
315 809 476 876 Verbirdung,
495 824 565 858 orum
583 810 771 859 Abbreviaturm
789 808 867 873 stigen
885 808 1106 865 Scinirkelbulkm,
1125 808 1162 856 die
1179 809 1279 856 lirini-s
1297 824 1338 856 am
1356 807 1427 855 Ende
1443 807 1502 856 sind
1516 808 1553 872 ost
1566 806 1688 872 gestrerkt,
1712 806 1750 854 die
1770 807 1841 855 Ober-

164 883 252 945 lrtngen
269 880 373 928 ziemlirt
388 883 478 946 geradr
491 881 609 946 geleiten,
635 897 683 929 von
700 880 867 930 Decernimus
886 897 919 928 an
937 880 968 928 ist
984 880 1154 945 weitldustrger
1166 878 1327 945 gesciricbm,
1355 878 1413 927 tueri
1427 881 1471 927 der
1488 878 1611 927 Schreiber
1633 879 1759 936 erkannte,
1784 879 1843 926 dass

165 951 210 999 das
228 952 372 1016 Pergameni
394 961 459 1001 sonst
482 969 512 1001 m
532 969 601 1017 gross
624 953 664 1002 sei.
702 951 847 1001 Zeilenweite
864 954 951 1011 0,019.
987 953 1065 1001 Amen
1082 951 1123 1000 Nr
1142 954 1165 1009 7,
1190 957 1260 1000 erstrs
1276 950 1333 998 und
1352 952 1427 999 lrlrtes
1440 950 1567 1015 gestrcrkte
1585 949 1742 999 Birchstabm.
1778 951 1842 998 Rota

165 1023 206 1071 Nr
225 1027 248 1082 l,
267 1022 300 1070 im
320 1024 495 1074 Durclrmesser
517 1025 605 1084 0,063,
629 1040 676 1072 von
701 1024 744 1072 der
765 1025 845 1071 letzim
864 1023 925 1072 Zeilr
943 1025 1031 1083 0,008,
1055 1039 1103 1072 von
1127 1023 1170 1071 der
1192 1022 1272 1071 linken
1290 1023 1371 1070 Kantc
1389 1023 1476 1082 0‚095,
1495 1037 1549 1070 vom
1568 1021 1751 1086 Monogramme
1769 1023 1840 1080 0,29.

165 1093 334 1160 illonogramm
353 1095 394 1144 Nr
411 1098 442 1144 20
459 1113 507 1146 von
525 1096 569 1145 der
585 1095 678 1145 rechten
690 1094 771 1144 Kante
789 1096 874 1154 0,105.
909 1095 1053 1160 Ringkreuz‚
1071 1095 1128 1158 Ego
1147 1094 1202 1142 urrd
1211 1109 1236 1142 ss
1254 1093 1368 1142 dunklere
1385 1093 1461 1142 Dinte
1478 1095 1516 1142 als
1533 1093 1570 1142 die
1591 1091 1763 1157 Unterschrift,
1781 1092 1843 1142 diest

165 1165 362 1215 wairsclreinliclr
380 1167 417 1215 die
430 1167 520 1233 gleirie
530 1167 575 1217 ruri
592 1168 630 1215 die
646 1166 789 1231 Umscirist.
826 1166 874 1215 Die
886 1166 1015 1231 Datimng
1031 1166 1104 1215 riilrrt
1120 1165 1187 1214 wohl
1194 1181 1248 1213 vom
1261 1164 1549 1228 Hauptkiirpmclrreiber
1565 1164 1614 1223 her,
1628 1165 1732 1213 Batonis
1750 1165 1842 1212 srhein!

165 1238 347 1303 narigetragen.
384 1239 432 1287 Dic
452 1239 574 1305 Prtsbyier
595 1238 651 1287 und
666 1237 907 1287 [linteum-Firmis
931 1238 990 1286 sind
1010 1253 1094 1286 ausser
1119 1238 1162 1285 der
1182 1237 1273 1285 Guidos
1294 1237 1375 1285 Cosme
1398 1237 1454 1284 und
1467 1232 1503 1303 -1-
1521 1237 1578 1300 Ego
1598 1235 1665 1285 Guid
1689 1251 1737 1284 von
1760 1236 1842 1284 Guido

165 1310 274 1358 minister
289 1311 336 1358 alle
353 1309 398 1358 mit
422 1311 539 1360 derselben
564 1310 670 1358 dunklen
687 1310 763 1359 Dinte
782 1309 894 1374 gemacht
899 1345 907 1369 ,
934 1310 993 1359 diest
1009 1309 1054 1357 mit
1070 1309 1171 1358 tillem
1187 1308 1243 1357 und
1264 1309 1344 1357 eberiso
1361 1308 1398 1356 dic
1416 1311 1433 1355 4
1451 1307 1570 1372 Bisrhise.
1606 1307 1654 1356 Die
1672 1306 1775 1356 Finncn
1793 1323 1842 1356 von

164 1381 269 1430 duniler
286 1381 361 1430 Dinte
378 1383 456 1431 lassen
474 1383 519 1430 mit
535 1381 665 1431 Sicirrluit
687 1381 835 1440 vermurten,
862 1381 894 1429 sie
911 1381 972 1430 scien
996 1397 1043 1429 von
1060 1381 1126 1430 einer
1140 1380 1196 1428 und
1211 1380 1328 1429 dtrselbm
1347 1379 1427 1427 Hand
1438 1380 1601 1444 gesctn'eben,
1629 1380 1714 1427 nimai
1734 1378 1771 1427 bei
1795 1379 1842 1427 den

167 1452 306 1518 Presbytero
323 1452 382 1519 seigt
397 1453 447 1502 sicle
464 1457 568 1503 iusserst
581 1453 679 1519 gertirge
690 1452 934 1518 Indibidimlidmng.
966 1454 997 1502 ln
1015 1451 1058 1501 wie
1075 1452 1130 1502 weit
1141 1452 1178 1502 die
1188 1452 1341 1516 hellrlintrgen
1359 1467 1406 1500 von
1421 1451 1527 1516 gleirher
1537 1450 1622 1511 Hand,
1641 1452 1708 1500 blcibt
1717 1450 1841 1515 fragliclr.

920 1718 988 1841 Ne.
1020 1767 1081 1840 ss.

167 1913 285 1980 Lucius
301 1917 346 1981 II
362 1915 510 1998 bestdtt'gt
532 1915 604 1979 dem
627 1914 708 1979 Abte
728 1913 841 1979 Albert
868 1937 928 1979 von
950 1915 1019 1978 San
1038 1915 1178 1978 Lorenzo
1200 1912 1232 1976 d
1232 1912 1314 1977 Asso
1336 1913 1395 1995 (D.
1413 1912 1760 1997 Pisana-Montalcino)
1785 1912 1842 1976 die

166 2004 405 2070 Besz'tnllnimer
418 2006 598 2085 undfreies
612 2003 892 2086 Ausnahmereclzt
909 2006 1012 2068 sez'nes
1029 2002 1185 2081 Klosters,
1213 2003 1347 2067 welches
1370 2025 1409 2066 er
1427 2003 1461 2066 in
1475 2002 1707 2086 apostoliscleen
1722 2001 1842 2067 Schutz

437 2096 561 2174 nirnmt,
587 2094 829 2181 beiyiz'lrrliclter
843 2093 995 2177 Zaltlung
1008 2115 1068 2157 von
1083 2095 1168 2157 awei
1181 2092 1290 2156 Solidi
1305 2091 1513 2156 Lucclresz'sclr
1533 2095 1565 2172 ¹).

788 2231 872 2292 1144
887 2224 965 2292 Mai
975 2230 1031 2291 26.
1064 2228 1215 2291 Lateran.

328 2357 458 2447 [Lucius
481 2363 666 2445 episcopus
688 2357 812 2448 s]ervus
834 2384 1001 2428 servorum
1026 2363 1090 2438 dei,
1113 2362 1235 2425 dilecto
1259 2361 1325 2424 filio
1345 2361 1496 2436 Alberto,
1519 2360 1630 2424 abbati
1654 2361 1841 2424 monasterii

167 2450 269 2513 sancti
289 2450 453 2515 Laurentii
476 2455 566 2515 iuxta
589 2451 730 2527 fluvium,
754 2454 845 2532 quod
861 2452 956 2515 Anso
980 2453 1106 2527 dicitur,
1130 2452 1191 2525 siti,
1215 2452 1348 2530 eiusque
1371 2449 1625 2525 successoribus,
1649 2449 1842 2532 regulariter

167 2539 402 2605 substituendis
425 2554 463 2605 IN
485 2554 563 2603 ΡΡΜ.
592 2538 597 2625 Ι
624 2541 702 2628 [Pie]
727 2542 904 2623 postulatio
930 2542 1106 2605 voluntatis
1137 2540 1255 2603 effectu
1285 2540 1387 2603 debet
1417 2547 1636 2622 prosequente
1669 2539 1840 2621 compleri,

168 2637 203 2690 ut
226 2638 259 2691 et
282 2631 467 2694 devotionis
490 2632 657 2693 sinceritas
681 2630 888 2694 laudabiliter
912 2633 1077 2705 enitescat,
1107 2639 1141 2692 et
1164 2629 1283 2693 utilitas
1313 2630 1478 2712 postulata
1501 2631 1587 2692 vires
1616 2629 1841 2691 indubitanter

166 2728 318 2781 assumat.
364 2722 413 2783 Ea
437 2728 580 2802 propter,
601 2718 606 2803 Ι
626 2719 746 2782 dilecte
768 2720 799 2782 in
822 2722 959 2784 domino
983 2720 1033 2795 fili,
1058 2719 1198 2783 Alberte
1220 2720 1332 2793 abbas,
1365 2721 1429 2781 tuis
1454 2717 1701 2782 rationabilibus
1725 2725 1841 2801 postu·

167 2806 341 2871 lationibus
364 2809 541 2872 clementer
563 2810 747 2884 annuimus
778 2818 811 2871 et
841 2810 1004 2892 prelatum
1024 2809 1051 2890 a)
1076 2810 1163 2871 beati
1187 2809 1385 2870 LAURENTH
1420 2808 1660 2881 monasterium,
1691 2806 1742 2869 cui
1771 2808 1840 2869 deo

165 2905 299 2959 auctore
322 2898 470 2979 presides
489 2897 530 2980 b),
555 2899 598 2959 ad
615 2897 785 2979 exemplar
801 2898 1042 2980 predecessoris
1059 2899 1169 2973 nostri,
1194 2897 1297 2960 felicis
1314 2900 1471 2960 memorie
1493 2916 1580 2979 pape
1597 2894 1839 2976 CELEST1N1¹)‚

166 2984 228 3047 sub
251 2987 338 3049 beati
362 2986 450 3050 Petri
474 2996 507 3050 et
538 2994 648 3050 nostra
677 2990 884 3069 protecb‘one
914 2990 1117 3070 suscipimus
1151 2995 1183 3050 et
1214 2989 1376 3069 presentis
1407 2989 1520 3069 scripti
1551 2985 1717 3069 privilegio
1748 3005 1840 3048 com·

167 3076 336 3137 munimus.
381 3073 578 3151 Statuentes,
601 3084 637 3139 ut
660 3096 883 3158 quascumque
908 3077 1141 3159 possessiones,
1167 3096 1372 3161 quecumque
1396 3076 1484 3139 bona
1501 3077 1587 3138 idem
1605 3076 1839 3138 monasterium

165 3163 197 3224 in
220 3165 454 3246 presentiarum
478 3168 562 3228 iuste
586 3175 619 3228 et
642 3168 800 3229 canonice
824 3167 974 3249 possidet
997 3175 1053 3229 aut
1085 3167 1116 3227 in
1139 3165 1281 3228 futurum
1307 3167 1519 3227 concessione
1542 3163 1746 3247 pontificum,
1776 3163 1840 3225 lar·

166 3253 286 3333 gittone
302 3274 415 3336 regum
431 3255 483 3317 vel
501 3255 692 3337 principum,
717 3255 884 3319 oblatione
900 3255 1044 3318 fidelium
1068 3275 1126 3318 seu
1150 3255 1217 3317 aliis
1241 3255 1332 3316 iustis
1349 3255 1456 3316 modis
1473 3255 1537 3316 deo
1554 3255 1698 3336 propitio
1715 3254 1841 3335 poterit

166 3342 313 3424 adipisci,
337 3344 429 3406 firma
453 3345 510 3407 tibi
534 3346 663 3424 tuisque
686 3345 929 3408 successoribus
954 3354 987 3408 et
1010 3344 1133 3407 illibata
1156 3352 1377 3425 permaneant.
1424 3343 1460 3405 ln
1483 3342 1602 3422 quibus
1618 3342 1678 3429 hec
1694 3344 1840 3424 propriis

166 3432 318 3494 duximus
341 3433 557 3515 exprimenda
589 3434 773 3496 vocabulis:
812 3434 984 3522 ecclesiam
1017 3443 1129 3496 sancte
1160 3432 1328 3495 Trinitatis
1358 3433 1401 3496 de
1426 3430 1542 3514 Orgia,
1574 3440 1608 3495 et
1637 3431 1838 3513 hospitalem

168 3521 305 3584 domum
325 3524 472 3585 eiusdem
490 3523 555 3585 loci
572 3543 646 3585 cum
663 3524 814 3586 omnibus
830 3525 894 3586 suis
909 3525 1123 3606 pertinentiis,
1140 3521 1311 3585 ecclesiam
1328 3523 1371 3583 de
1389 3530 1501 3583 monte
1513 3521 1576 3585 Sizi
1592 3542 1666 3584 curn
1683 3520 1838 3583 omnibus

165 3611 231 3672 suis
254 3613 466 3692 pertinentiis,
499 3613 588 3692 quod
619 3613 701 3674 iuste
732 3614 849 3675 tenetis
871 3613 902 3674 in
926 3612 1065 3675 ecclesia
1088 3613 1130 3674 de
1154 3609 1299 3686 Stiliano,
1325 3611 1497 3674 ecclesiam
1528 3611 1571 3672 de
1594 3610 1729 3673 Modani
1762 3629 1837 3671 cum

166 3698 316 3762 omnibus
346 3702 412 3763 suis
441 3702 652 3784 pertinentiis,
683 3709 825 3764 castrum
857 3704 899 3765 de
931 3701 1077 3766 Civitella
1108 3722 1182 3763 cum
1214 3701 1278 3762 suis
1309 3701 1512 3782 appendiciis
1543 3709 1576 3763 et
1605 3720 1678 3762 cum
1708 3698 1839 3761 duabus

166 3788 308 3851 ecclesiis
331 3789 361 3851 in
385 3791 456 3872 ipso
481 3793 684 3865 constructis
708 3791 879 3854 ecclesiam
895 3791 1048 3856 videlicet
1071 3796 1173 3853 sancti
1189 3787 1373 3853 Sebastiani
1389 3789 1468 3852 inira
1492 3789 1659 3851 castellum
1684 3790 1837 3871 positam,

165 3878 335 3940 ecclesiam
367 3881 470 3942 sancti
495 3879 635 3942 Materni
667 3888 759 3942 extra
790 3881 959 3944 castellum
990 3882 1102 3955 sitam,
1134 3881 1214 3942 duas
1246 3879 1413 3960 portiones
1444 3879 1486 3940 de
1517 3877 1651 3940 castello
1683 3886 1716 3940 et
1746 3886 1838 3939 curte

165 3966 288 4029 Montis
318 3969 438 4043 viridis,
469 3969 641 4031 ecclesiam
673 3970 715 4031 de
739 3966 894 4051 Signano,
926 3979 959 4033 et
989 3979 1054 4032 tres
1087 3969 1255 4051 portiones
1285 3970 1385 4050 ipsius
1414 3967 1497 4054 ville,
1530 3967 1703 4031 ecclesiam
1733 3967 1838 4030 sancti

165 4055 286 4119 Donati
310 4077 383 4119 cum
408 4058 505 4120 rebus
528 4059 569 4120 ad
594 4060 698 4140 ipsam
723 4060 969 4140 pertinentibus,
993 4059 1163 4122 ecclesiam
1179 4058 1281 4120 sancti
1297 4056 1521 4120 Bartholomei
1538 4058 1580 4120 de
1597 4057 1837 4138 Lampognano

165 4165 238 4207 curn
263 4146 333 4227 ipsa
356 4145 437 4221 villa,
468 4147 640 4210 ecclesiam
663 4149 765 4210 sancti
789 4146 956 4211 Anastasii
982 4157 1015 4211 et
1038 4150 1138 4229 ipsius
1163 4147 1257 4209 castri
1281 4148 1362 4209 duas
1387 4155 1506 4228 partes,
1537 4146 1707 4209 ecclesiam
1731 4148 1836 4207 sancti

164 4233 299 4322 Andree
331 4235 373 4297 de
397 4233 562 4299 Suverella
594 4257 669 4298 curn
700 4239 772 4319 ipsa
795 4237 880 4313 villa,
913 4238 1085 4300 ecclesiam
1119 4239 1221 4299 sancti
1245 4235 1444 4298 LAURENTH
1469 4245 1502 4298 et
1535 4236 1680 4298 eiusdem
1713 4234 1838 4296 castelli

164 4323 246 4385 duas
276 4332 394 4406 partes.
441 4324 701 4388 Decimationem
732 4326 844 4389 allodii
877 4328 1023 4390 eiusdem
1048 4327 1252 4400 monasterii,
1286 4326 1375 4404 quod
1409 4325 1440 4386 in
1473 4322 1610 4387 Senensi
1641 4325 1835 4405 episcopatu

164 4414 261 4474 situm
293 4422 351 4488 est,
381 4415 660 4495 quemadmodum
685 4435 704 4477 a
727 4412 928 4479 Senensibus
959 4416 1134 4498 episcopis,
1165 4415 1253 4501 bone
1284 4416 1442 4501 memorie
1465 4414 1610 4477 Iohanne
1628 4412 1653 4496 ⁸)
1684 4413 1838 4476 videlicet

164 4510 198 4563 et
220 4501 361 4565 Radulso
377 4503 415 4583 ⁴),
444 4502 540 4566 vobis
564 4506 720 4567 canonice
743 4525 900 4568 concessa
931 4515 990 4580 est,
1021 4504 1168 4567 similiter
1199 4502 1437 4566 confirmamus.
1483 4502 1703 4566 Concedimus
1736 4504 1835 4565 etiam

164 4591 267 4666 vobis,
296 4599 339 4666 ut,
370 4593 396 4654 si
420 4591 527 4672 aliqua
558 4592 658 4656 libera
682 4614 822 4675 persona
861 4595 983 4656 sivein
1006 4594 1071 4657 vita
1094 4594 1161 4655 sive
1192 4593 1223 4655 in
1247 4602 1353 4655 morte
1384 4602 1493 4655 vestro
1514 4591 1542 4672 ο)
1576 4594 1776 4655 monasterio
1800 4611 1836 4654 se

163 4680 310 4742 conferre
326 4681 471 4756 voluerit,
488 4683 667 4763 recipiendi
684 4702 756 4745 eam
770 4682 896 4764 absque
908 4683 1043 4746 alicuius
1056 4683 1317 4745 contradictione
1327 4682 1462 4745 liberam
1476 4682 1624 4745 habeatis
1636 4681 1835 4756 facultatem,

162 4769 252 4831 salvo
275 4778 384 4832 tamen
408 4772 475 4832 iure
500 4774 641 4834 matricis
665 4771 810 4860 ecclesie.
849 4772 905 4835 Ad
929 4773 1084 4835 indicium
1108 4780 1217 4835 autern
1240 4770 1335 4833 huius
1351 4792 1371 4833 a
1386 4774 1465 4834 sede
1481 4771 1662 4853 apostolica
1678 4777 1836 4858 percepte

163 4859 375 4939 protectionis
405 4859 563 4922 Lucensis
601 4870 733 4924 monete
762 4862 886 4925 solidos
919 4863 1003 4925 duos
1035 4861 1132 4924 nobis
1163 4864 1348 4942 nostrisque
1380 4860 1622 4924 successoribus
1656 4860 1836 4922 annualiter

163 4946 364 5028 persolvetis.
418 4947 634 5013 Decernimus
665 4971 760 5032 ergo,
802 4960 837 5013 ut
870 4951 947 5014 nulli
980 4953 1113 5014 omnino
1144 4950 1313 5013 hominurn
1344 4950 1449 5026 liceat,
1481 4952 1568 5013 idem
1601 4951 1834 5013 monasterium

162 5044 286 5098 temere
316 5038 523 5118 perturbare,
556 5048 612 5101 aut
647 5041 715 5102 eius
747 5042 969 5122 possessiones
1001 5041 1144 5115 auferre,
1177 5040 1228 5102 vel
1253 5040 1378 5102 ablatas
1410 5042 1566 5115 retinere,
1601 5041 1747 5102 minuere
1778 5058 1834 5101 seu

163 5125 362 5206 quibuslibet
384 5128 611 5190 vexationibus
634 5127 779 5210 fatigare,
811 5128 870 5192 sed
895 5131 1004 5193 omnia
1027 5132 1154 5211 integra
1186 5138 1418 5192 conserventur
1454 5148 1577 5204 eorum,
1609 5150 1669 5211 pro
1694 5146 1832 5209 quorum

162 5213 400 5296 gubernatione
439 5225 473 5279 et
509 5219 744 5281 sustentatione
779 5240 935 5283 concessa
975 5228 1065 5293 sunt,
1108 5220 1221 5282 usibus
1260 5215 1482 5305 [omnimodis]
1520 5218 1707 5301 profutura,
1747 5218 1834 5282 salva

163 5304 328 5367 diocesani
351 5305 498 5387 episcopi
530 5309 686 5369 canonica
718 5310 839 5373 iustitia
871 5318 904 5372 et
932 5308 1114 5396 apostolice
1144 5309 1230 5371 sedis
1261 5309 1469 5382 auctoritate„
1510 5305 1545 5371 Si
1578 5325 1644 5388 qua
1674 5309 1773 5390 igitur
1804 5307 1833 5369 in

163 5438 314 5446 a—-———-·-
327 5440 477 5446 ——·...-.-.-..

321 5496 349 5565 a)
368 5515 382 5548 a
400 5516 446 5548 aus
463 5500 471 5547 l
490 5500 605 5567 kemgirt
693 5503 719 5569 b)
739 5503 851 5552 nuiscten
870 5504 895 5568 p'
914 5502 997 5552 rendi
1012 5505 1096 5551 Rancr
1185 5503 1209 5566 c)
1228 5517 1245 5550 o
1263 5501 1341 5550 durch
1359 5505 1443 5551 lr'nsur
1465 5501 1604 5568 hergesielli.
1624 5542 1626 5546 .
1654 5541 1675 5546 ..
1694 5505 1731 5565 ,1)
1757 5502 1833 5568 t'rrgl.

161 5570 199 5620 dr'e
219 5571 278 5620 Urk.
298 5585 352 5620 vom
373 5575 405 5620 17
424 5571 555 5620 november
573 5575 650 5622 1145.
777 5579 803 5637 2)
825 5575 885 5628 Urk.
903 5591 957 5624 vorn
975 5574 1007 5623 23
1024 5574 1157 5622 lta-ueniter
1175 5576 1253 5624 1143.
1375 5578 1403 5638 3)
1425 5574 1535 5638 Johann,
1561 5574 1666 5638 Bisrlrof
1684 5589 1734 5624 von
1753 5575 1832 5633 Stena,

74 5640 78 5645 ’
154 5642 350 5800 Qr.
371 5644 448 5692 1063.
557 5646 584 5708 4)
604 5644 706 5708 liudolf,
726 5645 832 5711 Brichos
845 5663 892 5696 von
910 5647 991 5706 Stena,
1010 5662 1030 5696 c.
1050 5647 1119 5696 1073
1132 5674 1164 5682 -
1179 5663 1199 5695 r.
1220 5645 1296 5695 1083.

1391 5816 1398 5843 i
