3982 6194
1759 272 1823 356 177

153 462 264 517 sancte
280 454 388 519 Marie
411 458 443 520 in
462 456 489 543 a)
504 457 673 523 Lariciaco
697 480 771 523 cum
794 461 929 524 decimis
952 472 985 524 et
1007 454 1214 542 pertinenciis
1236 459 1309 534 suis,
1333 458 1504 521 ecclesiam
1526 459 1629 520 sancti
1645 458 1822 525 Salvatoris

154 543 183 605 in
206 542 326 607 casale
350 545 441 610 Ruso
460 546 489 631 b)
513 568 587 612 cum
610 550 745 613 decimis
768 561 802 612 et
825 550 1033 632 pertinenciis
1056 551 1129 625 suis,
1154 549 1324 611 ecclesiam
1347 549 1450 610 sancti
1471 545 1648 610 Clementis
1672 549 1704 611 in
1728 551 1820 612 Mon·

153 634 282 694 tonario
316 654 393 697 cum
424 635 559 701 decimis
590 648 623 701 et
654 639 858 719 pertinentiis
888 638 961 715 suis,
993 638 1165 701 ecclesiam
1194 638 1297 700 sancti
1328 637 1474 699 Mauricii
1506 637 1538 698 in
1569 638 1717 699 Deciana
1748 660 1820 701 cum

155 721 291 784 decimis
313 734 349 785 et
376 726 584 805 pertinenciis
615 729 695 800 suis,
728 727 898 791 ecclesiam
928 728 1030 790 sancti
1055 727 1183 790 Nazarii
1208 727 1240 788 in
1264 725 1388 807 Quinto
1421 746 1495 788 cum
1526 726 1659 788 decimis
1690 734 1722 788 et
1752 749 1821 809 per·

155 811 305 874 tinenciis
328 813 403 887 suis,
428 815 598 878 ecclesiam
622 827 733 879 sancte
758 816 878 880 Cecilie
901 818 933 879 in
951 816 1139 879 Carratiana
1158 813 1185 897 c)
1209 835 1282 877 cum
1307 815 1440 876 decimis
1464 826 1496 877 et
1518 816 1726 896 pertinenciis
1749 819 1821 893 suis,

155 899 318 961 decimam
342 901 519 978 Pratarolii,
551 915 673 968 curtem
697 905 861 969 Carisiane
892 926 966 969 cum
997 906 1098 967 fundo
1129 915 1161 967 et
1191 905 1280 965 omni
1304 905 1488 984 integritate
1520 915 1553 966 et
1584 904 1729 968 districto
1753 927 1821 982 su0,

156 998 304 1051 montem
337 989 481 1067 Galiani,
513 994 680 1069 Uliacum‚
719 996 881 1076 utrimque
912 995 1155 1057 Montonarium
1194 1013 1267 1054 cum
1296 994 1482 1074 integritate
1512 1003 1544 1055 et
1577 992 1724 1056 districto
1753 1015 1822 1070 suo,

156 1089 306 1158 quartam
344 1090 471 1159 partem
502 1082 647 1145 Ucuroni
666 1080 711 1167 d),
752 1084 922 1146 ecclesiam
952 1084 1055 1145 sancti
1087 1081 1277 1145 Christosori
1310 1101 1384 1143 cum
1423 1081 1558 1143 dimidia
1597 1093 1689 1163 parte
1726 1085 1823 1145 curtis

156 1165 360 1240 Caracetum
376 1180 507 1249 portum
523 1170 624 1246 Sarni,
649 1182 779 1253 portum
795 1172 933 1247 Scicide,
958 1192 1023 1253 quo
1039 1173 1101 1233 itur
1116 1171 1158 1233 ad
1174 1169 1358 1251 Bulgarum,
1383 1169 1823 1251 Campalonum,·dimidiam

156 1265 280 1317 curtem
297 1255 477 1322 Carritiane
496 1258 532 1342 e).
564 1259 735 1323 Sancimus
750 1263 857 1334 etiam,
881 1272 924 1334 ut,
947 1262 972 1323 si
990 1261 1062 1342 quis
1077 1258 1289 1322 beneficiatus
1312 1260 1343 1321 iu
1361 1259 1496 1322 ecclesia
1510 1267 1617 1322 vestra
1641 1260 1822 1336 decesserit,

156 1344 349 1406 benefitium
374 1347 474 1427 ipsius
497 1349 540 1410 ad
564 1350 678 1412 fratres
709 1351 925 1413 communiter
953 1349 1138 1412 habitantes
1172 1368 1245 1410 cum
1268 1349 1453 1428 integritate
1485 1348 1653 1426 deveniat;
1684 1370 1825 1430 persona

157 1444 280 1507 tamen,
305 1454 371 1514 que
395 1435 473 1498 illud
497 1437 653 1511 obtineat,
677 1441 834 1502 canonice
857 1439 1040 1501 substituta.
1073 1437 1266 1501 Sanctorum
1291 1457 1423 1518 quoque
1446 1447 1575 1517 patrum
1598 1440 1823 1501 auctoritatem

157 1533 333 1602 sequentes
356 1526 528 1601 sancimus
560 1537 595 1589 ut
617 1527 836 1590 ecclesiastica
858 1529 991 1609 negotia
1021 1528 1090 1589 sine
1121 1527 1284 1588 communi
1308 1525 1441 1588 fratrum
1471 1536 1527 1588 aut
1556 1527 1692 1589 sanioris
1724 1528 1824 1609 partis

158 1612 294 1674 consilio
320 1612 547 1696 abepiscopo
578 1635 644 1678 non
673 1627 850 1679 tractentur
879 1628 920 1691 et,
951 1627 986 1678 ut
1015 1616 1120 1678 nullus
1150 1615 1243 1677 aliter
1273 1616 1304 1676 in
1337 1614 1452 1677 eadem
1484 1614 1620 1677 ecclesia
1650 1618 1825 1678 canonicus

159 1701 326 1762 ordinetur
349 1721 410 1764 nec
433 1704 604 1766 cuiuslibet
626 1706 835 1768 ecclesiastici
859 1705 959 1768 officii
982 1705 1219 1766 administratio
1240 1703 1333 1765 alicui
1357 1705 1586 1766 committatur.
1626 1703 1825 1786 Precipimus

160 1790 263 1862 etiam,
289 1802 327 1852 ut
350 1790 513 1868 benefitia,
543 1813 608 1873 que
629 1794 813 1875 specialiter
835 1815 855 1856 a
877 1793 1145 1875 singulis-haberi
1169 1802 1411 1866 consueverant,
1436 1793 1477 1854 ad
1502 1809 1709 1855 communem
1733 1815 1824 1857 usum

160 1888 188 1940 et
217 1878 400 1942 utilitatem
426 1881 614 1962 redigantur
642 1893 675 1946 et
705 1884 920 1946 communiter
949 1882 1140 1945 habeantur.
1185 1882 1334 1943 Preterea
1370 1882 1520 1962 antiquas
1553 1891 1585 1943 et
1616 1882 1826 1946 rationabiles

161 1968 412 2031 consuetudines
434 1970 535 2050 ipsius
557 1971 693 2034 ecclesie
716 1983 802 2035 ratas
825 1992 956 2035 manere
980 1990 1157 2034 censemus.
1203 1971 1344 2032 Presenti
1370 1971 1468 2032 etiam
1499 1970 1631 2033 decreto
1654 1974 1825 2048 sancimus,

162 2068 191 2118 ut
212 2057 341 2118 nemini
365 2057 468 2131 liceat,
492 2059 635 2140 aliquem
657 2061 946 2142 parrochianorum
968 2070 1149 2123 vestrorum
1172 2059 1215 2121 ad
1242 2058 1440 2140 sepulturam
1464 2060 1614 2139 recipere,
1646 2060 1705 2122 nisi
1737 2062 1827 2124 salva

163 2146 304 2207 matricis
339 2146 475 2210 ecclesie
504 2158 571 2210 tam
601 2149 634 2211 in
666 2151 867 2212 testamentis
898 2170 997 2231 quam
1027 2150 1060 2210 in
1091 2149 1205 2210 ceteris
1237 2148 1394 2209 canonica
1419 2148 1566 2222 iustitia,
1607 2167 1705 2228 quam
1736 2151 1827 2213 iuxta
1913 2209 1921 2222 ‚

162 2253 328 2297 sacrorum
351 2254 514 2299 canonum
537 2238 684 2301 instituta
705 2239 802 2301 vobis
824 2260 867 2301 ex
889 2240 1016 2319 integro
1039 2238 1188 2299 volumus
1211 2237 1375 2317 assignari.
1420 2237 1574 2298 Decimas
1595 2237 1734 2319 insuper,
1759 2249 1826 2301 tam

163 2324 254 2386 vestri
279 2323 436 2404 plebatus
459 2345 558 2406 quam
581 2328 745 2390 novalium
768 2329 800 2389 in
824 2328 886 2390 illis
909 2327 997 2403 locis,
1029 2327 1061 2388 in
1095 2326 1212 2406 quibus
1239 2325 1372 2387 aliarum
1395 2335 1551 2387 terrarum
1584 2326 1727 2389 decimas
1751 2348 1826 2390 con-

164 2414 311 2475 suevistis
351 2414 515 2496 accipere,
558 2435 639 2496 quas
669 2437 689 2478 a
718 2416 934 2497 quadraginta
963 2426 1050 2479 retro
1081 2416 1174 2477 annis
1204 2415 1395 2476 inconcusse
1425 2426 1459 2477 et
1488 2413 1624 2495 pacifice
1654 2415 1826 2494 habuistis;

164 2521 303 2564 annuum
328 2522 460 2583 quoque
488 2524 635 2580 censum,
671 2526 730 2568 sex
758 2506 912 2569 videlicet
942 2505 1111 2578 librarum,
1147 2523 1244 2584 quem
1275 2503 1377 2565 abbas
1408 2504 1512 2565 sancti
1543 2503 1701 2585 Stephani
1731 2505 1827 2568 vobis

164 2597 289 2653 tenetur
321 2591 498 2666 exsolvere,
521 2593 616 2656 vobis
646 2594 874 2657 nichilominus
904 2593 1141 2657 confirmamus.
1187 2592 1366 2656 Statuimus
1395 2601 1552 2672 preterea,
1583 2602 1618 2654 ut
1650 2593 1755 2656 nullus
1786 2595 1827 2658 de

166 2680 301 2762 collegio
329 2690 439 2742 vestro
469 2683 662 2745 auctoritate
691 2703 749 2745 sua
779 2703 918 2746 comune
947 2693 1089 2745 vestrum
1122 2681 1241 2743 audeat
1270 2680 1459 2762 perturbare
1483 2691 1529 2756 et,
1563 2690 1598 2742 ut
1628 2681 1715 2744 nulla
1746 2684 1828 2746 laica

166 2788 302 2849 persona
326 2769 470 2832 decimas
494 2791 513 2832 a
534 2771 631 2834 vobis
659 2773 790 2854 exigere
820 2773 929 2853 aliqua
952 2773 1076 2834 ratione
1106 2780 1280 2852 presumat.
1326 2770 1540 2831 Decemimus
1563 2789 1651 2850 ergo,
1683 2782 1719 2833 ut
1750 2771 1826 2834 nulli

167 2858 296 2920 omnino
321 2857 492 2920 hominum
515 2859 618 2935 liceat,
643 2862 863 2943 supradictam
887 2861 1056 2924 ecclesiam
1073 2870 1193 2921 temere
1218 2908 1223 2920 .
1249 2908 1255 2920 .
1280 2908 1286 2920 .
1310 2858 1420 2920 usibus
1437 2859 1635 2922 omnimodis
1650 2861 1826 2940 profutura,

168 2947 250 3009 salva
273 2948 307 3009 in
331 2948 485 3009 omnibus
508 2950 690 3031 apostolice
718 2951 805 3013 sedis
836 2951 1026 3012 auctoritate
1058 2960 1091 3011 et
1122 2948 1268 3030 episcopi
1299 2949 1397 3010 vestri
1429 2949 1588 3010 canonica
1618 2949 1747 3011 iustitia,
1792 2949 1827 3013 Si

172 3055 228 3115 qua
251 3036 352 3116 igitur
375 3084 382 3097 .
407 3084 413 3097 .
437 3084 444 3097 .
469 3036 601 3100 Cunctis
624 3049 733 3101 autem
759 3088 764 3102 .
790 3088 796 3101 .
820 3087 827 3100 .
851 3040 1025 3102 inveniant
1071 3037 1189 3100 Amen.
1212 3036 1332 3099 Amen.

375 3122 429 3207 (R)
452 3126 526 3207 Ego
549 3127 715 3190 Adrianus
738 3128 899 3191 catholice
923 3128 1058 3190 ecclesie
1081 3128 1255 3208 episcopus
1278 3146 1319 3188 ss
1343 3121 1404 3208 (M)

376 3209 396 3293 †
419 3215 491 3295 Ego
515 3214 690 3297 Gregorius
712 3215 903 3280 Sabinensis
926 3217 1102 3298 episcopus
1124 3236 1166 3278 ss.
1278 3227 1281 3231 ’

375 3335 419 3347 -
441 3303 461 3385 †
484 3305 557 3385 Ego
580 3304 753 3367 Hubaldus
774 3306 936 3387 presbiter
957 3305 1129 3368 cardinalis
1152 3305 1199 3367 tit.
1223 3314 1334 3366 sancte
1357 3302 1512 3365 Praxedis
1535 3323 1575 3365 ss.

376 3388 502 3473 †Ego·
516 3393 704 3456 Mansredus
727 3395 887 3476 presbiter
909 3394 1080 3456 cardinalis
1103 3395 1150 3455 tit.
1173 3403 1285 3455 sancte
1308 3389 1427 3454 Savine
1450 3411 1491 3453 ss.

376 3477 396 3560 i
419 3482 492 3562 Ego
516 3481 698 3545 Bemardus
720 3483 881 3564 presbiter
903 3483 1074 3545 cardinalis
1097 3483 1144 3544 tit.
1168 3483 1271 3544 sancti
1296 3475 1495 3565 [Clementis]
1519 3501 1558 3542 ss.

376 3565 396 3648 †
419 3571 493 3652 Ego
517 3571 716 3634 Octavianus
735 3571 763 3656 s)
786 3573 946 3653 presbiter
968 3571 1140 3633 cardinalis
1163 3572 1210 3633 tit.
1233 3578 1343 3632 sancte
1367 3568 1487 3632 Cecilie
1509 3589 1550 3631 ss.

378 3656 398 3739 †
421 3659 494 3740 Ego
517 3659 674 3723 Astaldus
698 3661 858 3742 presbiter
881 3660 1053 3723 cardinalis
1076 3661 1124 3722 tit.
1147 3670 1259 3722 sancte
1282 3660 1389 3722 Prisce
1412 3679 1452 3720 ss.

378 3744 494 3830 †Ego
518 3748 674 3813 Girardus
696 3750 858 3831 presbiter
887 3749 1058 3812 cardinalis
1089 3750 1136 3811 tit.
1167 3749 1269 3810 sancti
1294 3748 1452 3828 Stephani
1483 3747 1515 3808 in
1540 3745 1631 3809 Celio
1655 3758 1767 3810 monte
1789 3768 1829 3810 ss.

377 3836 397 3914 †
421 3835 493 3918 Ego
504 3837 666 3901 lohannes
682 3840 842 3920 presbiter
857 3838 1028 3901 cardinalis
1041 3846 1227 3900 sanctorum
1239 3836 1392 3898 Iohannis
1408 3846 1440 3898 et
1449 3836 1539 3898 Pauli
1552 3835 1599 3898 tit
1611 3836 1776 3899 Pamachii
1789 3857 1829 3898 ss.

379 3922 399 4005 †
422 3926 495 4007 Ego
518 3927 679 3989 lohannes
703 3928 863 4009 presbiter
886 3927 1057 3990 cardinalis
1080 3927 1127 3988 tit.
1151 3927 1252 3988 sancti
1277 3923 1421 3987 Silvestri
1440 3921 1470 4008 ε)
1493 3945 1533 3986 ss.

376 4049 421 4059 —
443 4014 464 4092 i
486 4016 559 4096 Ego
583 4016 660 4079 Odo
685 4016 841 4080 diaconus
864 4015 1036 4078 cardinalis
1059 4017 1161 4076 sancti
1185 4013 1317 4095 Georgii
1342 4014 1384 4075 ad
1406 4011 1526 4076 Velum
1549 4032 1680 4076 aureum
1704 4032 1744 4074 ss.

378 4104 400 4180 'r
421 4104 495 4185 Ego
519 4104 628 4168 Guido
652 4105 809 4168 diaconus
832 4104 1004 4167 cardinalis
1027 4114 1138 4166 sancte
1163 4104 1265 4166 Marie
1288 4104 1319 4165 in
1343 4103 1474 4165 Porticu
1496 4122 1537 4164 ss.

378 4189 399 4273 †
422 4193 494 4274 Ego
518 4191 680 4256 Iohannes
704 4194 860 4258 diaconus
883 4193 1054 4256 cardinalis
1077 4202 1263 4255 sanctorum
1286 4192 1389 4272 Sergii
1414 4202 1446 4254 et
1469 4190 1569 4253 Bachi
1594 4212 1634 4253 ss.

378 4281 400 4357 Τ
422 4281 495 4362 Ego
518 4280 731 4345 lldebrandus
755 4283 912 4345 diaconus
936 4282 1108 4344 cardinalis
1131 4283 1233 4343 sancti
1258 4281 1423 4343 Eustachii
1446 4301 1487 4343 ss.

379 4366 399 4449 †
423 4371 495 4452 Ego
519 4371 597 4434 Odo
620 4370 776 4434 diaconus
800 4372 972 4434 cardinalis
995 4372 1097 4433 sancti
1121 4370 1248 4431 Nicolai
1275 4371 1306 4431 in
1331 4390 1458 4432 carcere
1482 4369 1633 4431 Tulliano
1658 4388 1698 4430 ss.

379 4456 400 4540 †
422 4459 495 4541 Ego
519 4459 651 4522 Arditio
675 4460 832 4524 diaconus
856 4460 1027 4524 cardinalis
1050 4460 1151 4521 sancti
1176 4458 1343 4520 Theodori
1367 4479 1408 4521 ss.

324 4546 403 4610 Dat.
418 4548 580 4627 Laterani,
603 4568 663 4630 per
685 4569 816 4612 manum
831 4549 981 4622 Rolandi‚
1006 4560 1117 4609 sancte
1136 4548 1285 4609 Romane
1309 4547 1444 4610 ecclesie
1467 4545 1636 4626 presbiteri
1660 4543 1831 4606 cardinalis

189 4641 212 4691 ct
237 4635 425 4699 cancellarii.
470 4652 506 4700 vl
530 4636 582 4699 Kl.
606 4638 673 4700 lan.
719 4639 899 4701 Indictione
921 4652 954 4700 v.
1000 4637 1235 4699 lncarnationis
1264 4636 1428 4697 dominice
1460 4654 1546 4696 anno
1577 4646 1695 4697 MCLVI.
1748 4633 1830 4696 Pon·

189 4719 307 4786 tilicatus
330 4746 410 4788 vero
434 4727 546 4788 domni
570 4725 708 4789 Adriani
732 4748 819 4808 pape
841 4742 892 4790 1111
917 4747 1003 4789 anno
1027 4727 1131 4788 tertio.

327 4839 391 4889 Drei
405 4840 551 4905 beglmrbigte
567 4839 783 4904 Itbpialurkrmden
802 4842 841 4890 des
862 4844 890 4891 lb
911 4840 1013 4905 Jahrb,
1032 4841 1064 4887 im
1083 4838 1196 4887 Arrhivio
1217 4837 1350 4900 capitolare
1368 4855 1396 4885 m
1420 4838 1523 4888 Venelli.

326 5168 353 5231 n)
370 5165 466 5215 Anam
484 5166 544 5230 Kop.
565 5168 597 5216 de
680 5167 707 5231 b)
727 5167 815 5219 credere
833 5166 893 5230 Kop.
912 5167 996 5216 Casuli
1015 5166 1103 5216 Robeo
1187 5168 1212 5222 cl
1230 5165 1318 5214 medere
1336 5165 1398 5230 lr'op.
1417 5164 1547 5214 Cariniana
1619 5164 1647 5221 d)
1665 5163 1753 5212 sordere
1771 5162 1832 5226 Kop.

191 5227 309 5362 &Eam
329 5239 537 5360 Petriepuandere
560 5238 621 5302 Kop.
649 5239 779 5288 Cariniane
887 5239 912 5301 s)
930 5239 1018 5288 andere
1035 5239 1097 5301 Kop.
1118 5237 1242 5300 rnrrichtig
1258 5235 1364 5286 Ottonus
1469 5243 1497 5300 g)
1515 5237 1603 5285 andere
1627 5235 1689 5299 Kop.
1713 5234 1832 5299 unriclrtig

228 5754 247 5784 ν.
260 5741 551 5795 Μῐηὶ·ῐίιτίιιιη.
566 5742 623 5783 Aeta
636 5742 679 5792 111.
