3982 6194
366 470 388 564 †
411 474 484 564 Ego
508 480 617 546 Guido
641 476 799 545 diaconus
822 476 995 545 cardinalis
1017 492 1129 545 sancte
1154 480 1256 544 Marie
1279 482 1311 544 in
1334 479 1464 545 Porticu
1488 504 1528 545 ss.

366 568 388 655 †
410 572 484 652 Ego
507 571 668 634 Iohannes
692 573 849 634 diaconus
872 571 1044 634 cardinalis
1066 582 1252 634 sanctorum
1276 570 1381 653 Sergii
1404 582 1438 635 et
1460 571 1562 634 Bachi
1585 593 1626 635 ss.

365 657 386 742 †
408 661 483 742 Ego
507 660 584 725 Odo
608 661 765 724 diaconus
788 660 961 723 cardinalis
983 662 1086 724 sancti
1110 661 1237 723 Nicolai
1262 661 1295 723 in
1318 681 1447 724 carcere
1469 660 1620 724 Tulliano
1643 682 1684 725 ss.

312 751 389 812 Dat.
405 750 566 825 Laterani,
590 771 650 831 per
672 771 806 813 manum
821 750 973 825 Rolandi,
998 761 1110 813 sancte
1125 752 1275 813 Romane
1299 750 1435 813 ecclesie
1457 751 1628 832 presbiteri
1652 750 1825 813 cardinalis

174 849 196 901 et
224 838 414 901 cancellarii.
465 852 529 902 xm
561 840 614 901 Kl.
647 837 759 902 Madii.
811 839 993 902 indictione
1023 854 1070 902 111.
1123 840 1357 903 incarnationis
1394 840 1557 903 dominice
1593 860 1680 903 anno
1717 850 1824 902 MCLV.

173 927 366 990 Pontificatus
389 948 468 991 vero
493 929 607 991 domni
630 929 769 991 Adriani
793 949 849 1010 pp.
872 941 910 989 1v
934 949 1020 991 anno
1044 930 1160 1010 primo.

309 1042 436 1107 Abschrift
457 1058 512 1091 vom
531 1045 562 1091 17
590 1042 683 1107 Jahrb.
706 1044 746 1092 des
770 1043 867 1092 Bullar.
892 1042 970 1091 Baril.
995 1043 1164 1093 lateranensis
1182 1051 1209 1108 p.
1228 1043 1292 1102 aab,
1316 1059 1370 1091 vora
1391 1047 1424 1092 14
1445 1043 1548 1109 Jalrt,
1567 1043 1607 1094 des
1634 1041 1771 1107 Copiarium
1791 1044 1825 1091 75

170 1122 186 1177 p.
199 1113 241 1163 231>
258 1113 330 1177 (alenc
348 1114 465 1177 Datum),
484 1114 516 1162 im
534 1114 648 1163 Archrbio
668 1113 802 1178 capitolare
819 1114 847 1162 di
864 1114 916 1163 San
938 1114 1062 1164 Giavanni
1077 1116 1103 1164 in
1121 1115 1242 1164 Laterano
1259 1132 1289 1163 au
1307 1117 1377 1165 Ii'om.

309 1185 342 1233 In
360 1186 405 1234 der
420 1185 546 1251 Absckmfl
561 1202 616 1235 vom
636 1188 670 1237 18
690 1186 783 1251 Jahrb.
803 1184 863 1234 steht
878 1187 1013 1237 vermerkt:
1031 1185 1130 1236 Collata
1149 1203 1203 1236 cum
1223 1186 1286 1252 orig.

895 1472 963 1548 Nr.
994 1475 1080 1548 155.

164 1600 304 1666 Hadrian
320 1602 346 1665 Ι
352 1600 384 1667 V
391 1601 589 1668 entscheidet
600 1625 641 1668 au
660 1603 802 1669 Gumten
816 1605 879 1668 der
894 1603 1084 1669 Kanonikcr
1096 1625 1156 1668 raon
1171 1602 1304 1668 Rimim'
1311 1623 1421 1690 gegen
1441 1604 1496 1669 die
1519 1604 1658 1668 Miinclre
1680 1626 1740 1669 von
1756 1604 1824 1669 San

403 1691 576 1758 Gaudenzo
592 1694 652 1777 (D.
670 1692 814 1780 Rr'mini)
829 1694 907 1758 iiber
920 1694 983 1759 das
999 1695 1178 1779 Begrc'r'bnis
1194 1696 1309 1758 Petncs
1324 1693 1506 1759 Pierlconis
1524 1697 1562 1780 ¹).

694 1811 777 1874 1155
800 1809 877 1874 Mai
891 1813 921 1874 6.
952 1807 985 1873 S.
1002 1808 1098 1874 Peter
1111 1831 1171 1873 von
1187 1808 1280 1873 Ram.

308 1944 501 2007 ADmANUS
525 1944 709 2027 episcopus,
739 1966 849 2008 servus
880 1965 1046 2008 servorum
1070 1945 1131 2021 dei,
1157 1946 1282 2008 dilectis
1307 1944 1387 2018 filiis,
1419 1943 1585 2007 canonicis
1608 1942 1824 2005 Ariminensis

160 2033 296 2120 ecclesie,
327 2033 467 2097 salutem
498 2043 531 2096 et
561 2035 778 2115 apostolicam
800 2035 1076 2098 benedictionem.
1128 2035 1191 2097 Pro
1223 2035 1459 2109 controversia,
1497 2053 1560 2119 que
1591 2034 1674 2095 inter
1703 2052 1763 2094 vos
1791 2041 1824 2094 et

159 2123 288 2186 dilectos
311 2122 398 2185 filios
420 2132 551 2186 nostros
566 2124 602 2185 B.
627 2124 784 2187 abbatem
808 2134 841 2186 et
864 2122 1045 2186 monachos
1067 2125 1171 2187 sancti
1188 2123 1361 2187 Gaudentii
1385 2123 1570 2205 agitabatur
1592 2142 1690 2203 super
1712 2120 1824 2183 ultima

158 2212 319 2274 voluntate
350 2212 437 2274 Petri
467 2213 597 2287 Leonis,
632 2224 768 2294 utraque
797 2233 873 2295 pars
903 2211 1017 2277 nostr'o
1047 2233 1082 2276 se
1106 2215 1297 2295 conspectui
1328 2213 1528 2294 presentavit
1558 2219 1591 2274 et
1621 2212 1762 2273 rationes
1791 2219 1824 2272 et

156 2300 365 2382 allegationes
394 2321 470 2364 suas
501 2302 533 2365 in
564 2304 728 2383 presentia
759 2312 870 2365 nostra
906 2313 939 2366 et
978 2301 1111 2365 fratrum
1148 2313 1332 2366 nostrorum
1370 2323 1429 2383 per
1466 2302 1604 2364 disertos
1644 2301 1824 2362 advocatos

155 2390 349 2453 sufficienter
375 2391 538 2472 exposuit,
569 2412 667 2473 super
697 2392 815 2472 quibus
846 2412 919 2454 cum
951 2391 1102 2454 fratribus
1133 2394 1252 2455 nostris
1284 2392 1339 2454 diu
1369 2390 1572 2453 contulimus.
1617 2390 1704 2452 Visis
1728 2389 1824 2470 igitur

154 2480 182 2541 in
211 2480 365 2560 predicta
396 2481 618 2543 controversia
656 2482 777 2544 meritis
807 2482 973 2562 utriusque
1003 2482 1105 2562 partis
1135 2488 1167 2543 et
1197 2480 1341 2562 plenarie
1372 2480 1528 2560 cognitis,
1563 2479 1718 2560 precipue
1748 2498 1823 2540 cum

153 2570 301 2631 meritum
336 2588 435 2631 causa
464 2588 507 2631 ex
537 2581 630 2651 parte
660 2570 897 2633 monachorum
930 2570 1077 2651 pondere
1107 2582 1242 2645 careret,
1274 2570 1475 2632 voluntatem
1507 2569 1655 2631 ultimam
1685 2568 1822 2650 predicti

152 2658 270 2720 Leonis
294 2667 400 2720 ratam
423 2678 614 2739 permanere
637 2669 670 2720 et
694 2679 812 2741 corpus
843 2660 910 2722 eius
933 2659 1028 2721 vobis
1058 2659 1270 2734 reddendum,
1303 2658 1439 2721 consilio
1472 2657 1605 2720 fratrum
1638 2666 1823 2720 nostrorum

152 2747 408 2822 communicato,
441 2748 653 2810 decernimus.
705 2749 925 2830 Precipientes
955 2748 1068 2823 etiam,
1110 2758 1144 2810 ut
1174 2749 1340 2830 predictus
1372 2747 1477 2810 abbas
1507 2756 1540 2809 et
1572 2745 1723 2810 monachi
1756 2766 1823 2808 non

153 2837 300 2911 audeant,
333 2837 376 2898 de
400 2846 509 2899 cetero
534 2837 661 2899 mittere
693 2836 810 2900 falcem
841 2838 873 2898 in
906 2837 1045 2899 alienam
1079 2857 1227 2912 messem,
1260 2857 1319 2899 nec
1349 2845 1537 2918 presumant
1561 2835 1650 2911 alios,
1683 2835 1742 2897 nisi
1767 2835 1822 2915 qui

152 2944 184 2987 se
197 2925 264 2987 illic
280 2924 465 2989 devotionis
482 2926 597 2987 intuitu
615 2926 646 2987 in
664 2926 776 2989 ultima
790 2926 959 2989 voluntate
974 2925 1102 3007 sepeliri
1120 2926 1378 3001 deliberaverint,
1395 2926 1437 2987 ad
1453 2925 1653 3007 sepulturam
1669 2926 1822 3006 recipere,

154 3014 238 3077 salva
268 3024 383 3077 tamen
422 3015 454 3076 in
483 3013 534 3077 his
565 3014 685 3078 iustitia
715 3016 857 3078 matricis
890 3014 1034 3078 ecclesie.
1066 3051 1108 3059 —
1138 3018 1215 3079 Dat.
1246 3017 1353 3078 Rome
1383 3015 1471 3096 apud
1502 3025 1651 3078 sanctum
1682 3014 1821 3087 Petrum,

155 3117 176 3165 11
196 3104 284 3167 Non.
310 3103 400 3166 Maii.

312 3216 355 3266 Or.
375 3216 408 3265 im
425 3216 541 3265 Archivio
562 3216 695 3281 Capitolare
712 3233 742 3266 au
759 3216 860 3266 Rimini.

310 3288 380 3353 Paerg.
400 3287 460 3347 r'taL,
485 3289 521 3338 br.
541 3289 610 3348 032,
634 3291 695 3354 lang
712 3290 780 3348 023,
807 3297 882 3338 remen
900 3305 920 3339 c.
938 3289 1000 3349 0‚03
1018 3288 1206 3355 urngeschlagm‚
1231 3288 1308 3338 (lierda
1332 3288 1390 3337 araci
1405 3288 1497 3337 Licker
1515 3288 1573 3355 gelu
1593 3289 1631 3337 die
1643 3289 1708 3354 galbe
1726 3286 1822 3337 Seiden·

156 3357 245 3420 rihmar,
263 3374 351 3410 worm
369 3360 414 3408 das
431 3358 561 3426 Bleisiegel,
580 3360 688 3426 Falrung
705 3362 748 3410 der
764 3361 866 3410 Breven.

893 3644 959 3719 Nr.
993 3646 1078 3719 156.

159 3772 305 3839 Hadrian
322 3775 346 3839 I
352 3773 383 3838 V
400 3774 550 3859 bestatigt
570 3774 644 3839 dem
670 3774 749 3840 Abte
772 3776 923 3840 Bertram
947 3797 1008 3839 van
1031 3775 1099 3839 San
1122 3776 1255 3840 Marino
1278 3776 1341 3856 (D.
1366 3777 1489 3859 Pavia)
1512 3776 1567 3839 die
1589 3775 1826 3839 Besitathtimcr

159 3866 250 3929 scines
275 3862 433 3945 Klosters,
455 3865 588 3929 welches
602 3885 641 3928 er
655 3865 689 3928 in
703 3865 934 3948 apostalirchen
950 3864 1067 3929 Schutz
1090 3866 1214 3945 m'mmt,
1235 3863 1498 3950 wofurjc'ihrliclt
1520 3867 1572 3929 ein
1588 3865 1768 3948 Bjiaanaier
1780 3886 1824 3929 an

735 3954 790 4018 die
815 3952 918 4018 Kurie
932 3975 972 4018 zu
992 3954 1171 4018 entriclzten
1188 3956 1238 4019 ist.

504 4070 586 4131 1155
601 4067 684 4142 Juli
698 4070 728 4131 4.
774 4068 985 4133 Territorium
999 4090 1060 4132 von
1083 4067 1196 4149 Tmoli,
1220 4070 1317 4132 Ponte
1333 4070 1468 4132 Lucano.

308 4181 476 4246 Adrianus
499 4183 682 4265 episcopus,
706 4205 817 4248 servus
840 4207 1006 4249 servorum
1030 4187 1092 4261 dei,
1117 4185 1238 4248 dilecto
1266 4185 1332 4248 filio
1355 4187 1545 4261 Bertraim0,
1578 4187 1681 4249 sancti
1706 4186 1822 4249 Marini

162 4271 276 4348 abbati,
311 4274 447 4354 eiusque
476 4273 717 4336 successoribus
748 4274 936 4357 regulariter
965 4275 1209 4349 substituendis,
1232 4289 1269 4337 ΙΝ
1293 4288 1370 4337 ΡΡΜ.
1395 4271 1463 4359 -Ι
1490 4275 1691 4357 Religiosam
1721 4276 1824 4339 vitam

163 4360 347 4443 eligentibus
370 4360 589 4443 apostolicum
605 4364 759 4426 convenit
775 4365 889 4428 adesse
905 4365 1092 4446 presidium,
1117 4385 1158 4427 ne
1178 4364 1261 4427 forte
1278 4364 1447 4427 cuiuslibet
1468 4366 1658 4428 temeritatis
1680 4366 1824 4428 incursus

108 4518 110 4535 Ι
164 4462 205 4513 aut
219 4473 276 4514 eos
294 4472 314 4513 a
329 4451 503 4533 proposito
525 4461 657 4514 revocet
679 4462 735 4514 aut
756 4452 862 4530 robur,
888 4454 977 4535 quod
994 4455 1087 4530 absit,
1112 4473 1202 4516 sacre
1219 4452 1383 4535 religionis
1399 4454 1562 4535 infringat.
1600 4455 1794 4536 Eapropter,
1817 4450 1820 4533 Ι

164 4537 265 4604 dilecte
282 4541 316 4602 in
334 4541 470 4603 domino
487 4539 531 4602 fili
548 4536 760 4626 Ber(traime),
784 4543 845 4606 tuis
865 4543 956 4607 iustis
972 4542 1248 4625 postulationibus
1264 4553 1391 4624 gratum
1409 4543 1631 4624 impertientes
1646 4563 1822 4618 assensum,

165 4630 313 4704 prefatum
339 4629 580 4704 monasterium,
612 4631 703 4711 quod
722 4628 750 4715 a)
781 4633 823 4694 ad
851 4633 899 4694 ius
922 4640 956 4695 et
979 4632 1212 4714 proprietatem
1243 4632 1330 4694 beati
1353 4633 1438 4694 Petri
1461 4643 1611 4713 spectare
1635 4633 1823 4707 dinoscitur,

165 4719 211 4779 sub
232 4717 382 4781 eiusdem
404 4719 492 4781 beati
516 4717 602 4782 Petri
626 4729 659 4782 et
682 4731 794 4783 nostra
816 4721 1022 4803 protectione
1046 4721 1238 4802 suscipimus
1269 4731 1302 4784 et
1329 4721 1488 4802 presentis
1516 4722 1628 4802 scripti
1653 4721 1823 4803 privilegio

166 4801 425 4892 eommuni[mus].
471 4806 667 4885 Statuentes,
697 4819 732 4871 ut
757 4830 979 4891 quascumque
1002 4811 1235 4891 possessiones,
1261 4830 1465 4891 quecumque
1487 4811 1577 4873 bona
1601 4809 1688 4873 idem
1712 4830 1823 4873 mona-

166 4897 282 4959 sterium
307 4898 341 4959 in
364 4898 600 4978 presentiarum
623 4898 705 4960 iuste
737 4907 770 4960 et
800 4900 958 4962 canonice
987 4898 1144 4981 possidet,
1178 4909 1233 4961 aut
1262 4897 1295 4961 in
1328 4898 1467 4961 futurum
1499 4901 1712 4962 concessione
1741 4920 1822 4981 pon·

166 4983 282 5061 filicum,
315 4986 488 5067 largitione
512 5005 623 5066 regum
645 4987 697 5049 vel
720 4987 914 5070 principum,
947 4987 1115 5051 oblatione
1146 4987 1291 5050 fidelium
1320 5009 1376 5050 seu
1400 4989 1470 5050 aliis
1498 4988 1588 5051 iustis
1618 4989 1725 5051 modis
1760 4989 1823 5052 deo

166 5077 296 5155 propitio
328 5076 452 5157 poterit
480 5075 628 5156 adipisci,
660 5074 753 5138 firma
781 5078 841 5140 tibi
872 5079 1000 5158 tuisque
1032 5078 1273 5141 successoribus
1303 5087 1337 5139 et
1367 5077 1492 5140 illibata
1519 5088 1740 5159 permaneant.
1786 5078 1823 5141 In

166 5163 269 5240 quibus
292 5163 355 5250 hec
377 5165 520 5246 propriis
544 5165 695 5227 duximus
718 5166 934 5247 exprimenda
956 5167 1139 5229 vocabulis:
1175 5175 1293 5229 terram
1316 5167 1357 5229 de
1373 5163 1458 5242 Sala,
1483 5176 1601 5230 terram
1626 5167 1667 5230 de
1682 5167 1823 5243 Vovera,

165 5257 268 5316 terram
293 5253 479 5329 Octabiani,
511 5263 545 5316 et
575 5253 690 5316 cellam
714 5275 819 5331 unam,
851 5265 971 5318 terram
1001 5256 1043 5318 de
1065 5256 1249 5332 Vestarin0‚
1280 5266 1399 5319 terram
1427 5256 1468 5319 de
1491 5256 1674 5331 Souriasc0‚
1705 5266 1823 5319 terram

164 5339 196 5402 de
214 5343 319 5420 Valle,
344 5352 463 5405 terram
487 5343 529 5406 de
551 5343 713 5405 Pecoriria
731 5341 768 5427 b),
792 5354 911 5407 terram
936 5345 978 5407 de
1001 5344 1135 5420 Caselle,
1159 5354 1277 5408 terram
1302 5345 1343 5407 de
1366 5346 1463 5421 Liuri,
1488 5354 1521 5408 et
1544 5345 1672 5409 tertiam
1695 5355 1824 5427 partem

164 5428 196 5492 de
214 5433 386 5496 Lemenne
408 5452 470 5514 per
495 5440 653 5495 montana
676 5442 709 5496 et
732 5432 875 5514 planum,
909 5435 1064 5515 quicquid
1088 5435 1120 5496 in
1144 5433 1270 5496 duabus
1298 5434 1377 5516 ripis
1399 5434 1506 5497 Ticini
1538 5436 1653 5499 eadem
1685 5435 1824 5523 ecclesia

306 5629 335 5695 a)
353 5642 370 5675 ο
388 5624 441 5690 aus
453 5626 538 5675 Rasur
643 5625 670 5693 b)
688 5626 709 5675 ir
725 5626 777 5692 aus
790 5629 881 5678 Ram.
903 5668 947 5674 ....
972 5629 1008 5694 .1)
1026 5625 1152 5692 Abschrist
1172 5628 1227 5677 rand
1249 5629 1429 5695 Bemcrkungen
1451 5629 1573 5679 verdanke
1595 5627 1632 5678 ich
1649 5628 1734 5679 Herm
1762 5629 1823 5681 Can.

164 5693 258 5751 Guttam
275 5696 420 5750 Nicolini
434 5712 465 5748 ue
480 5696 583 5749 Rimx'ni.
