3982 6194
1815 271 1833 334 3

151 443 300 504 virorum
324 462 364 505 ac
380 441 614 515 foeminarum,
638 443 786 508 desolata
802 445 844 508 ab
867 444 1054 508 hominibus
1070 446 1207 530 proedia
1230 454 1330 527 atque
1346 443 1388 507 ab
1410 443 1497 505 omni
1521 442 1647 506 cultore
1670 443 1834 505 destituta.

153 530 192 593 ln
215 530 390 595 solitudine
414 553 516 595 vacua
538 541 623 596 terra
648 534 753 597 nullus
776 537 807 597 in
825 554 864 597 ea
887 556 1058 617 possessor
1081 534 1249 610 inhabitat,
1272 540 1474 617 occuparunt
1497 533 1622 596 bestiae
1646 532 1727 608 loca,
1750 552 1835 613 quae

155 621 246 703 prius
276 641 396 704 magna
427 621 601 686 multitudo
637 622 803 686 hominum
837 624 981 687 tenebat
1029 625 1062 686 ln
1094 623 1155 688 hac
1183 625 1270 687 enim
1302 633 1402 697 terra,
1437 623 1468 684 in
1499 642 1563 704 qua
1597 642 1657 684 nos
1689 621 1834 696 vivimus,

155 710 257 773 finem
281 730 375 774 suum
401 712 550 787 mundus,
574 712 719 775 uoniam
745 714 880 787 nuntiat,
903 715 961 776 sed
986 715 1139 788 ostendit,
1163 715 1242 795 quid
1267 722 1375 776 autem
1400 712 1431 774 in
1456 711 1526 774 aliis
1550 712 1663 773 mundi
1687 711 1835 794 partibus

155 809 281 882 agatur,
306 802 430 881 ignoro.
476 798 694 865 Solummodo
711 823 729 864 a
745 802 844 866 beato
868 801 1033 877 Amando,
1058 813 1169 866 nostro
1194 802 1404 885 coepiscopo,
1427 801 1610 876 didicimus,
1633 802 1665 862 in
1682 800 1835 863 omnibus

155 889 256 952 rebus
286 890 508 971 spiritualibus
536 889 778 966 honestissimo,
809 901 954 954 vestrum
986 912 1120 975 regnum
1151 913 1210 975 pre
1241 893 1377 955 caeteris
1411 884 1492 973 pace
1522 911 1561 952 ac
1593 889 1834 970 tranquillitate,

156 977 288 1042 Christo
321 978 499 1055 tribuente,
534 980 670 1062 pollere.
716 980 840 1043 Retulit
874 1000 1007 1064 quoque
1042 992 1149 1044 vestra
1183 981 1409 1056 munificentia,
1445 979 1504 1041 sibi
1528 978 1604 1041 olim
1640 998 1832 1041 concessum

155 1069 345 1143 cenobium,
368 1069 400 1130 in
424 1068 541 1131 finibus
563 1069 762 1133 Francorum
786 1071 940 1153 positum,
963 1071 1052 1151 quod
1078 1071 1206 1134 Elnone
1228 1072 1297 1133 sive
1319 1067 1492 1131 Nantuaco
1516 1077 1727 1150 nuncupatur,
1751 1087 1834 1130 nunc

155 1178 177 1220 a
199 1157 296 1220 vobis
330 1156 577 1220 affluentissime
610 1168 643 1221 et
673 1161 788 1222 vestris
819 1160 999 1222 redditibus
1030 1169 1064 1223 et
1094 1161 1236 1242 praediis
1269 1169 1302 1221 et
1333 1158 1418 1221 fiscis
1448 1157 1490 1220 ad
1519 1157 1652 1220 fratrum
1682 1156 1835 1219 victualia

155 1247 299 1309 ditatum
322 1255 423 1329 atque
446 1247 690 1330 locupletatum.
737 1249 790 1312 De
813 1268 880 1328 quo
903 1249 999 1312 vobis
1022 1252 1197 1331 gratiarum
1222 1250 1308 1311 dona
1336 1268 1409 1310 cum
1441 1247 1671 1310 benedictione
1701 1255 1835 1328 aposto·

155 1335 217 1398 lica
243 1335 395 1398 misimus.
442 1338 552 1418 Ipsum
577 1357 719 1418 namque
743 1338 925 1420 praefatum
950 1338 1157 1413 coenobium,
1181 1339 1259 1400 dum
1284 1338 1442 1400 ecclesiae
1465 1337 1711 1410 deservirentur,
1737 1344 1770 1398 et
1792 1334 1834 1397 ab

156 1423 222 1487 hoc
238 1425 281 1487 ad
298 1424 515 1489 venerabilem
539 1427 827 1508 praedecessorem
853 1435 999 1489 nostrum
1025 1426 1125 1502 illum,
1150 1448 1223 1490 cum
1248 1428 1446 1508 regrederer,
1471 1433 1628 1508 poscente
1651 1433 1835 1487 memorato

156 1523 252 1596 patre
275 1515 434 1578 Amando
466 1523 566 1595 atque
589 1515 711 1579 abbate
733 1516 925 1591 Laterceno,
956 1536 1029 1578 cum
1055 1517 1161 1579 multis
1185 1517 1434 1598 religiosissimis
1463 1516 1538 1577 viris
1568 1514 1739 1577 sanctitate
1763 1532 1834 1597 pre·

156 1604 249 1678 ditis,
293 1603 585 1687 basilicamipsius
608 1603 671 1669 loci
701 1607 732 1667 in
757 1603 882 1667 honore
907 1605 992 1668 Petri
1027 1615 1060 1668 et
1084 1605 1174 1669 Pauli
1205 1607 1417 1686 omniumque
1447 1602 1671 1688 apostolorum
1705 1601 1836 1666 honori·

156 1692 372 1756 licentissime
402 1696 589 1757 consecravi
619 1695 747 1776 ipsique
772 1694 846 1757 loco
869 1695 933 1757 tale
958 1694 1161 1777 privilegium
1187 1696 1344 1768 concessi,
1378 1702 1413 1756 ut
1445 1693 1549 1756 nullus
1582 1694 1744 1775 princeps,
1775 1711 1835 1754 nec

157 1782 346 1864 episcopus,
369 1800 476 1862 neque
500 1782 562 1845 ulla
585 1784 751 1846 iudiciaria
775 1792 923 1867 potestas
946 1783 1068 1846 ibidem
1094 1783 1271 1867 praeficere
1294 1783 1436 1846 audeant
1458 1782 1627 1858 abbatem,
1651 1783 1711 1844 nisi
1735 1800 1834 1864 quem

157 1891 300 1933 concors
330 1873 543 1954 congregatio
575 1873 644 1952 pari
675 1873 813 1936 consilio
843 1881 876 1935 et
904 1873 1071 1936 voluntate
1095 1874 1275 1936 secundum
1299 1874 1396 1935 deum
1422 1871 1594 1954 elegerint,
1624 1873 1710 1933 sicut
1732 1872 1834 1934 Benc-

156 1961 267 2023 dictus
291 1969 385 2042 pater
409 1962 593 2045 praecepit;
626 1971 801 2043 postquam
837 1962 960 2025 electus
994 1961 1091 2025 fuerit
1120 1962 1162 2025 ab
1191 1962 1260 2037 illis,
1293 1963 1380 2043 prius
1411 1963 1497 2024 sedis
1520 1960 1690 2023 Romanae
1721 1980 1836 2022 munus

156 2049 300 2132 accipiat
319 2051 358 2132 ²),
382 2051 548 2132 ipsiusque
563 2050 796 2114 benedictione
812 2051 966 2132 fungatur
984 2050 1022 2131 b),
1045 2053 1105 2114 nisi
1122 2071 1256 2115 assensu
1276 2051 1344 2114 eius
1360 2052 1559 2114 concedatur
1581 2049 1676 2113 alicui
1699 2049 1834 2112 licentia.

157 2138 225 2203 Sed
250 2159 359 2220 neque
383 2141 445 2222 ipsi
475 2139 728 2223 archiepiscopo
751 2140 972 2222 Lugdunensi,
1004 2160 1111 2221 neque
1134 2139 1188 2204 ulli
1213 2143 1372 2223 episcopo
1397 2141 1626 2222 permittimus,
1657 2138 1703 2201 illi
1734 2137 1836 2202 eccle·

155 2229 225 2290 siae
248 2229 313 2290 vim
338 2229 685 2292 excommunicationis
709 2229 827 2292 inferre
850 2229 915 2293 ullo
940 2231 1049 2305 modo,
1082 2231 1140 2292 nisi
1163 2230 1344 2312 apostolica
1367 2229 1611 2292 deliberatione.
1657 2227 1724 2292 Sed
1752 2229 1835 2290 etsi

157 2319 233 2397 quis
256 2316 418 2392 fidelium,
448 2318 590 2381 Romam
621 2320 668 2381 ire
698 2320 875 2402 disponens
897 2326 1113 2402 sumptusque
1137 2321 1166 2382 ei
1195 2319 1383 2392 deffuerint,
1413 2320 1586 2400 ipsumque
1618 2324 1835 2380 memoratum

157 2406 271 2469 locum
295 2407 401 2482 adeat,
432 2409 459 2470 si
491 2409 615 2471 ibidem
647 2428 708 2490 pro
738 2427 836 2491 posse
859 2408 1069 2471 elemosinam
1094 2408 1248 2471 fratribus
1277 2409 1455 2490 impendat,
1490 2408 1627 2470 eandem
1651 2407 1778 2469 veniam
1803 2413 1836 2468 et

157 2495 428 2559 benedictionem
452 2496 667 2579 apostolicam
698 2497 767 2559 sine
797 2497 899 2560 dubio
923 2497 1000 2560 inibi
1025 2507 1246 2579 percepturus,
1279 2499 1373 2560 sicuti
1398 2498 1440 2559 ad
1464 2497 1574 2559 limina
1597 2494 1835 2577 apostolorum.

158 2582 217 2647 Ob
240 2584 305 2648 hoc
328 2588 415 2649 enim
440 2606 558 2667 magna
577 2587 605 2666 c)
629 2607 672 2650 ex
699 2586 892 2669 corporibus
924 2586 1148 2669 apostolorum
1173 2607 1232 2669 per
1255 2587 1386 2650 fidelem
1420 2594 1453 2648 et
1479 2585 1740 2667 acceptissimum
1770 2585 1834 2646 deo

157 2675 293 2737 nomine
315 2673 473 2738 Severum
503 2674 578 2739 illuc
609 2677 786 2740 direximus
805 2675 844 2752 d).
891 2673 1069 2738 Statuimus
1100 2676 1143 2739 de
1166 2685 1313 2751 caetero,
1345 2684 1380 2737 ut
1410 2674 1496 2739 nullo
1520 2676 1622 2737 modo
1646 2674 1716 2754 quis
1749 2672 1835 2736 hunc

155 2763 272 2826 locum
295 2764 417 2828 violare
440 2766 560 2828 audeat
590 2785 651 2828 nec
680 2766 747 2828 vim
774 2765 892 2828 inferre
923 2764 1024 2828 alicui.
1071 2762 1171 2846 Quod
1195 2768 1222 2828 si
1247 2767 1320 2847 quis
1351 2766 1524 2828 temerario
1553 2784 1633 2827 ausu
1660 2762 1835 2845 infregerit,

155 2851 377 2916 anathematis
399 2854 522 2917 ultione
545 2856 749 2938 dampnetur,
774 2862 807 2918 et
830 2854 986 2936 deinceps
1016 2854 1170 2917 inviolata
1201 2855 1401 2935 inlibataque
1431 2853 1493 2917 hec
1525 2860 1635 2917 nostra
1664 2852 1835 2934 preceptio

155 2943 229 3005 sive
252 2942 437 3007 interdictio
461 2952 677 3007 conservetur.

321 3058 446 3124 Abselrer’st
462 3058 503 3107 des
520 3057 576 3108 MS.
596 3059 687 3108 Beluae
704 3062 737 3108 41
748 3060 798 3124 sol.
819 3060 876 3119 urb,
894 3058 921 3108 in
939 3060 983 3109 der
1000 3059 1062 3108 Br'bl.
1082 3058 1212 3108 Natr'enole
1229 3075 1259 3107 au
1279 3058 1361 3107 Paris.

321 3131 376 3191 „Ce
396 3128 512 3195 privilege
536 3138 570 3178 ert
590 3127 694 3194 tre'ee'de'
715 3131 777 3179 d'un
794 3132 925 3197 fragment
948 3132 976 3180 de
994 3130 1122 3195 chroeriqus
1139 3131 1227 3195 relatr'f
1239 3127 1255 3179 ὰ
1273 3131 1298 3178 la
1308 3129 1442 3193 fondation
1465 3129 1499 3176 dn
1516 3126 1646 3177 rrronastere
1663 3128 1691 3176 de
1708 3127 1838 3176 Nuntuo„“

161 3205 215 3253 Van
232 3204 305 3251 ollem
323 3202 430 3251 anderen
453 3201 586 3266 ahgeseken,
612 3202 697 3251 wiirde
720 3202 792 3251 sehon
816 3203 859 3252 der
876 3203 955 3251 Name
977 3202 1122 3252 childerichs
1140 3203 1177 3252 die
1195 3202 1335 3267 ffilschung
1356 3201 1474 3258 bewer'sen,
1501 3200 1559 3247 weil
1577 3199 1632 3248 kein
1651 3199 1726 3263 I’apst
1746 3199 1838 3265 Greger

151 3274 304 3343 gler'cheeilr'g
320 3275 366 3322 mie
382 3274 432 3322 ihm
450 3273 514 3327 lebte,

932 3558 999 3634 ΝΥ.
1029 3563 1065 3634 3.

155 3710 314 3775 Benedr'ct
341 3709 406 3773 III
427 3708 567 3773 schreibt
589 3729 633 3772 an
660 3708 803 3790 Bischos
824 3707 951 3816 Ratal‘l
970 3731 1038 3862 ἔθη
1064 3708 1264 3876 l{trassburg
1292 3709 1370 3773 tiber
1395 3709 1450 3773 die
1475 3708 1575 3771 Busse
1601 3708 1692 3772 eines
1728 3709 1836 3773 Vater-

900 3821 971 3863 mor
993 3821 1046 3863 ers
1092 3846 1099 3862 .

906 3936 1092 3997 855-858.

320 4067 520 4130 Benedictus
541 4067 725 4149 episcopus,
748 4087 859 4130 servus
875 4087 1042 4131 servorum
1060 4068 1121 4143 dei,
1143 4067 1403 4131 reverentissimo
1419 4087 1458 4129 ac
1474 4068 1678 4131 sanctissimo
1694 4067 1836 4131 Rataldo

158 4160 322 4240 episcopo
340 4155 376 4233 ¹).
423 4155 511 4217 Dum
535 4155 579 4218 de
607 4157 757 4219 universo
789 4156 911 4219 mundo
942 4157 1144 4221 credentium
1175 4159 1306 4238 agmina
1337 4158 1525 4219 catervatim
1560 4156 1763 4220 confluerent
1792 4159 1835 4220 ad

157 4248 273 4310 limina
296 4246 557 4309 beatissimorum
581 4245 806 4326 apostolorum
831 4247 917 4309 Petri
941 4255 974 4308 et
997 4246 1096 4321 Pauli,
1129 4247 1261 4329 quidam
1292 4254 1419 4308 vestrae
1447 4246 1589 4308 diocesis
1613 4245 1714 4310 homo
1737 4249 1835 4323 venit,

159 4337 225 4418 qui,
258 4335 394 4397 humani
423 4335 550 4416 generis
579 4335 711 4397 inimico
734 4333 894 4409 hortante,
919 4336 1124 4417 patricidium
1146 4337 1173 4417 e)
1197 4356 1233 4399 se
1257 4343 1463 4417 perpetrasse
1487 4334 1628 4399 dicebat.
1673 4337 1736 4399 Pro
1769 4356 1836 4417 quo

158 4423 403 4516 lacrimabiliter
426 4425 644 4505 ingemuimus
668 4432 701 4487 et
724 4425 851 4507 oppido
882 4427 1062 4488 contristati
1082 4424 1113 4507 f)
1146 4425 1392 4507 permansimus.
1439 4424 1565 4488 Idcirco
1596 4425 1762 4489 volumus:
1802 4434 1837 4488 ut

159 4515 340 4577 duodecim
364 4533 424 4595 per
445 4532 548 4575 annos
572 4514 771 4595 penitentiae
795 4514 1009 4577 constituatur
1031 4514 1091 4577 sub
1116 4534 1225 4590 onere,
1249 4516 1293 4577 ita
1318 4522 1353 4575 ut
1377 4513 1529 4576 omnibus
1549 4514 1665 4577 diebus
1682 4517 1835 4578 ieiunium

159 4603 338 4666 observare
362 4622 466 4683 usque
489 4602 531 4665 ad
549 4622 720 4685 vesperum
745 4602 875 4665 studeat
899 4611 933 4666 et
956 4603 1080 4686 absque
1097 4624 1194 4667 carne
1219 4613 1251 4666 et
1266 4605 1343 4665 vino
1368 4611 1467 4684 atque
1488 4606 1578 4686 pisce
1595 4604 1704 4684 cibum
1721 4613 1836 4679 sumat,

159 4694 312 4777 exceptis
335 4691 450 4754 diebus
474 4690 564 4754 festis
588 4698 686 4774 atque
710 4691 890 4766 dominicis,
914 4699 947 4755 et
963 4692 1086 4775 pascha
1103 4712 1206 4776 usque
1223 4693 1264 4755 ad
1281 4700 1506 4775 pentecosten.
1546 4694 1607 4756 Per
1623 4695 1836 4774 quinquennii

157 4802 241 4845 vero
264 4791 395 4863 tempus
419 4783 450 4843 in
474 4779 645 4843 ecclesiam
670 4781 800 4843 introire
824 4801 888 4843 non
906 4791 1073 4862 presumat
1088 4802 1194 4863 neque
1218 4782 1452 4856 communicet;
1491 4790 1566 4844 ante
1590 4781 1678 4845 fores
1695 4790 1836 4845 tantum-

158 4872 264 4934 modo
289 4869 447 4933 ecclesiae
463 4879 658 4952 perseveret,
682 4870 760 4933 dum
784 4890 876 4932 sacra
900 4870 1105 4935 celebrantur
1129 4872 1243 4934 officia.
1289 4871 1371 4935 Cum
1388 4879 1497 4933 autern
1518 4871 1660 4952 quinque
1677 4892 1835 4934 annorum

157 4959 283 5023 fuerint
304 4958 438 5042 expleta
461 4960 627 5034 curricula,
650 4960 850 5042 ingrediatur
873 4960 1041 5023 ecclesiam
1065 4970 1099 5023 et
1121 4961 1202 5023 intra
1225 4961 1396 5023 audientes
1420 4981 1494 5023 curn
1519 4961 1606 5023 omni
1631 4969 1696 5024 stet
1717 4962 1835 5024 timore

157 5060 262 5130 atque
286 5048 482 5111 obedientia.
521 5049 608 5111 Dum
625 5070 703 5112 vero
727 5049 768 5110 ad
786 5069 906 5112 annum
923 5053 1106 5132 pervenerit
1122 5050 1293 5125 decimum,
1317 5058 1429 5112 sancte
1445 5050 1683 5112 communionis
1701 5070 1837 5114 consors

157 5141 282 5203 existat
305 5146 337 5200 et
361 5140 445 5201 inter
468 5137 611 5201 fidelium
635 5138 832 5201 consortium
858 5148 998 5201 maneat.
1044 5138 1078 5204 Si
1107 5147 1215 5203 autem
1248 5149 1323 5203 ante
1353 5140 1567 5202 constitutum
1600 5148 1731 5222 tempus
1763 5139 1837 5202 finis

156 5230 249 5292 vitae
273 5226 359 5290 illius
381 5229 557 5302 advenerit,
581 5227 732 5289 viaticum
757 5227 784 5289 ei
810 5249 874 5290 non
901 5238 1037 5310 negetur
1067 5231 1247 5293 secundum
1279 5250 1445 5292 sacrorum
1476 5230 1647 5292 sanctione
1676 5249 1836 5292 canonum

157 5388 589 5399 —.——-—-—--.-—--——----

325 5448 350 5514 a)
369 5447 453 5512 Lege:
473 5463 592 5512 praesens
615 5447 683 5498 sedis
708 5448 814 5498 munitus
838 5449 944 5514 accipiat
961 5466 1002 5498 nm
1028 5449 1106 5498 Rana'
1179 5450 1206 5513 b)
1225 5466 1240 5499 a
1258 5451 1374 5499 Romano
1400 5447 1518 5514 pontifice
1537 5449 1675 5514 iniungatur
1700 5449 1779 5498 abbas
1796 5466 1837 5497 am

153 5521 239 5573 Rand
321 5523 346 5586 c)
365 5535 468 5569 numera
486 5520 550 5570 forte
568 5537 609 5568 am
628 5521 705 5569 Rand
790 5521 817 5575 dr
838 5537 868 5570 ex
887 5521 928 5570 via
947 5521 1043 5570 eremis
1062 5538 1103 5570 am
1122 5522 1200 5570 Rand
1286 5521 1313 5588 e)
1332 5522 1479 5587 patricidam
1567 5521 1587 5582 f)
1608 5521 1765 5570 constristati.
1786 5557 1838 5565 ..-

157 5602 184 5655 1)
205 5593 282 5643 Dr'ese
305 5591 361 5640 und
381 5592 419 5641 die
432 5593 550 5659 folgende
571 5591 688 5642 Urkmde
711 5591 769 5640 und
791 5593 855 5642 neele
878 5593 931 5642 den
957 5592 1056 5641 Drucke
1081 5593 1202 5641 Wilands
1224 5594 1250 5642 r'n
1269 5595 1312 5643 der
1329 5593 1443 5647 Zeitrcler.
1453 5592 1507 5657 fiir
1533 5592 1745 5657 Rechtsgerchiehee
1769 5592 1836 5642 1885

154 5666 184 5716 S.
207 5666 270 5724 100,
290 5664 341 5713 101
357 5664 464 5730 gegeben.
537 5667 564 5729 2)
583 5663 696 5724 Rathold,
716 5663 820 5731 Birthas
833 5681 881 5714 von
899 5665 1049 5730 Strassburg,
1068 5665 1218 5716 uro—876.
1623 5739 1639 5777 *

1602 5756 1612 5794 1
