3982 6194
1784 281 1823 358 83

324 461 368 510 Or.
386 460 419 509 r'rn
437 461 590 526 allgemeinen
605 459 786 511 Reichsarche've
804 477 834 510 nn
852 460 987 512 hlrtnehen.

322 533 392 598 Perg-
417 533 477 592 etad,
503 534 538 582 br.
565 533 751 592 oeae-ono,
779 535 838 599 lang
856 534 929 593 0,(15,
957 541 1030 582 nectere
1048 550 1067 582 c.
1086 537 1164 594 0,035
1188 535 1379 600 nnegeschlagen,
1408 536 1485 585 durch
1512 534 1569 584 ewei
1594 535 1687 584 Lbcher
1708 535 1765 601 geht
1790 535 1827 584 die

157 603 333 668 urspringhkh
355 603 423 653 nnhl
443 621 497 652 rosa
522 603 577 653 nnd
597 604 726 669 wn'ssgelbe
750 604 901 669 dttnnsbdrge
919 606 1105 665 Seidenschnnr,
1131 623 1216 655 renen
1241 607 1285 655 dar
1303 607 1427 672 Bleclciegel
1440 607 1487 658 Nr.
1508 613 1523 656 4
1542 607 1623 672 hbngt.
1661 607 1769 672 Foltung
1785 607 1828 656 der

158 674 248 721 Bnllm
294 674 368 724 Erste
392 674 454 723 Zeile
480 691 527 727 von
551 676 594 724 der
617 676 698 724 oberen
722 676 803 724 Kante
828 678 915 735 0,065,
942 677 1112 741 Haupthbrper
1136 694 1184 726 von
1209 678 1252 726 der
1274 679 1355 727 linben
1373 680 1460 738 0,035,
1486 694 1533 728 von
1557 679 1601 728 der
1622 678 1714 727 rechten
1739 680 1826 738 0,038.

159 745 291 794 bend-E:
314 746 412 804 Uncinl,
429 748 528 796 vern'ert
544 747 599 795 nnd
612 747 680 795 starb
697 746 889 812 herbergehoben,
915 747 971 795 hoeh
991 750 1077 808 0,036,
1103 750 1233 813 cresone.
1271 751 1319 798 Die
1344 750 1419 798 Worte
1442 750 1468 798 in
1492 751 1535 799 der
1557 757 1631 799 ersten
1651 749 1712 798 Zeile
1725 758 1772 815 gut
1786 766 1827 814 ge·

157 823 250 875 trennt,
280 816 320 866 die
340 818 488 882 Oberlbngen
501 817 628 883 gestrecbt,
656 818 692 867 die
721 818 798 866 derd
822 819 866 866 enit
887 819 1176 879 Ruecdan'chelsehnbrkel,
1205 821 1242 869 die
1258 822 1302 870 der
1319 821 1330 868 s
1345 822 1389 869 nn't
1412 822 1466 870 weit
1488 821 1675 887 hinnbgehenden
1698 821 1753 869 nnd
1774 836 1828 869 ver·

157 888 292 936 biinstelten
311 889 596 952 Smcbhcmbhehe
613 889 732 948 versehen,
751 890 795 938 das
813 889 836 937 G
855 890 895 938 des
912 891 1048 939 Abnemens
1069 892 1100 939 ist
1115 891 1238 956 einsacher
1254 893 1436 958 schuppenartig
1452 893 1578 942 venierter
1595 892 1733 941 Bnchstabe.
1772 893 1828 941 Ver-

158 960 272 1025 ernignng
290 959 339 1009 Nr.
359 962 376 1008 6
397 960 497 1025 let·
518 977 532 1020 ⁴,
559 962 635 1009 betont
657 961 712 1008 nnd
731 961 763 1008 im
779 961 794 1024 J
812 962 867 1009 nnd
882 962 909 1010 M
927 962 1032 1021 verziert,
1051 964 1217 1021 nee'rsttt,127.
1255 964 1471 1029 h'onscrr'ptschrrfl
1487 965 1542 1013 sehr
1563 964 1664 1022 aierlich,
1689 963 1726 1012 die
1743 963 1828 1029 cigent-

158 1031 218 1079 tr‘che
234 1033 284 1079 Art
301 1030 401 1096 Eugern
417 1033 573 1096 aeey‘weisend,
593 1032 629 1080 die
647 1031 789 1096 Masiesbeln
816 1033 873 1080 sind
887 1033 966 1098 wenr'g
981 1033 1173 1098 herbergeheben,
1200 1040 1221 1084 st
1238 1037 1330 1083 undet
1348 1036 1425 1084 steten
1449 1036 1576 1085 mittctweit
1592 1050 1638 1083 ven
1663 1035 1784 1094 einander,
1810 1053 1827 1099 g

159 1102 203 1150 mit
225 1102 360 1165 eircfachem
393 1102 613 1155 Wickelsehnbrkel.
651 1103 795 1152 Zeilenweite
817 1106 904 1162 0,018.
940 1106 1016 1152 Amen
1040 1106 1086 1154 Nr.
1106 1109 1121 1155 2
1147 1106 1199 1169 anf
1219 1106 1264 1155 den
1289 1109 1370 1154 h'aeem
1395 1122 1441 1155 von
1466 1107 1543 1165 0,021
1567 1106 1826 1172 nesammengedrhngt.

159 1176 221 1222 Rota
239 1173 289 1222 Nr.
313 1178 335 1233 1,
357 1175 391 1222 ien
409 1175 584 1224 Dnrchmesser
601 1177 692 1234 0,058,
716 1191 764 1222 vore
787 1175 830 1223 der
852 1175 1116 1235 teenmleite0‚011,
1139 1193 1187 1225 von
1206 1179 1248 1226 der
1268 1178 1349 1226 linken
1367 1178 1447 1226 Kante
1465 1180 1552 1237 0,095,
1576 1193 1629 1226 none
1648 1176 1828 1243 Monogeamnce

160 1262 180 1296 r.
200 1247 271 1302 038.
319 1244 504 1311 Monogramrn,
531 1255 604 1295 etwas
628 1247 715 1295 betente
739 1246 838 1303 hinien,
867 1247 910 1295 Nr.
932 1249 971 1305 21),
999 1247 1057 1296 bech
1082 1250 1173 1306 onst,
1200 1249 1258 1297 beeit
1282 1251 1350 1308 ont,
1378 1266 1424 1297 nen
1453 1250 1496 1298 der
1520 1249 1612 1297 rechten
1636 1248 1716 1297 Kante
1739 1252 1826 1307 onia.

164 1316 314 1380 Linesehnst:
340 1317 415 1365 Dinte
430 1319 485 1382 fitr
504 1318 562 1376 sich,
589 1318 724 1382 Ringkreue
748 1318 802 1365 nnd
828 1318 991 1380 Unterscbrift
1015 1320 1129 1384 ebenfalls
1146 1320 1221 1367 Dinte
1239 1321 1293 1384 fiir
1316 1320 1374 1370 sich.
1411 1321 1538 1386 Datimng
1564 1336 1618 1368 vom
1642 1319 1762 1369 Sebrerber
1788 1321 1828 1369 des

161 1387 349 1452 chptkbrpers,
368 1389 441 1437 dorin
454 1389 576 1438 Guidonis
595 1390 638 1437 mit
655 1388 813 1437 rothbranner
826 1389 899 1437 Dinte
916 1389 1071 1455 eingetragen.
1109 1391 1156 1438 Die
1168 1391 1261 1456 Zeugen
1278 1391 1384 1440 scheinm
1396 1394 1443 1439 alle
1454 1392 1498 1440 neit
1511 1392 1615 1455 gleicher
1623 1393 1681 1456 fast
1696 1392 1829 1440 schwnrner

161 1460 235 1507 Dinte
247 1459 362 1523 gemacht
377 1475 407 1507 ne
424 1462 481 1519 seen,
500 1462 537 1509 die
557 1461 678 1525 Presbyter
693 1459 770 1507 sicher
786 1476 833 1508 von
851 1461 916 1509 einer
932 1462 987 1508 und
1002 1462 1118 1510 deesetben
1136 1462 1225 1519 Hand,
1251 1463 1288 1510 die
1304 1479 1329 1510 so
1343 1470 1390 1527 gnt
1410 1462 1454 1510 roh
1471 1463 1537 1511 nicht
1554 1463 1771 1522 individentbirce,
1795 1463 1828 1512 sie

161 1531 201 1578 hat
217 1530 282 1578 arech
299 1531 338 1578 die
356 1531 481 1581 Dinkonen
503 1533 555 1581 Ono
578 1533 634 1580 nnd
651 1532 730 1580 Gnido
748 1531 783 1594 (S.
805 1530 893 1594 hdun'e)
921 1533 1076 1598 eingetragen.
1114 1534 1169 1582 Fn'r
1186 1534 1231 1581 den
1251 1533 1356 1599 gleichen
1375 1534 1496 1583 Schreiber
1515 1534 1605 1597 speicht
1622 1535 1697 1593 anch,
1721 1535 1777 1583 dass
1794 1534 1829 1583 bei

161 1602 204 1650 den
220 1609 298 1650 ersten
317 1602 397 1650 beiden
418 1603 556 1668 stesbytern
574 1603 706 1652 cardinalis
727 1603 782 1650 und
797 1603 859 1651 tituli
883 1604 1072 1667 ausgeschrieben
1090 1605 1130 1662 ist,
1158 1605 1249 1652 Kalixti
1272 1606 1317 1653 rnit
1333 1606 1366 1664 K,
1391 1605 1428 1653 die
1448 1605 1561 1654 nhchsten
1585 1607 1639 1655 drei
1657 1606 1732 1654 haben
1756 1605 1826 1655 hard.

161 1673 214 1720 und
228 1675 273 1734 tit,
291 1674 390 1721 Areten
406 1675 492 1723 wr‘eder
509 1675 577 1736 tituli,
596 1675 632 1722 die
651 1674 776 1722 Diakonen
798 1673 866 1722 Oddce
882 1675 938 1722 und
956 1675 1035 1724 Gnido
1057 1677 1120 1724 anch
1139 1676 1208 1725 kard.
1247 1677 1290 1724 Bei
1306 1677 1349 1725 den
1367 1677 1471 1724 anderen
1489 1677 1591 1726 Fir-men
1608 1677 1639 1726 ist
1655 1678 1708 1725 bein
1731 1676 1829 1725 sichcres

165 1744 260 1794 Urtheil
273 1745 385 1810 nebglr'eh.
421 1747 488 1794 Dass
505 1747 542 1794 die
559 1745 669 1810 Bc'schbse
686 1745 741 1793 und
756 1744 882 1792 Diakenen
900 1747 1058 1810 systematisch
1076 1749 1224 1813 eingetragen
1241 1748 1303 1805 sind,
1321 1748 1379 1813 eeigt
1395 1748 1439 1795 das
1453 1748 1629 1814 gleichnebsnge
1647 1748 1828 1814 Ueberschlagen

156 1817 182 1882 je
197 1816 264 1866 einer
281 1816 352 1866 Zeilc.
390 1817 523 1884 Liniincng
537 1818 572 1866 bis
588 1833 617 1867 ne
634 1817 679 1866 den
698 1816 856 1876 Seitcnlinien,
874 1818 912 1881 oft
929 1817 1032 1868 dantber
1049 1834 1106 1886 weg,
1125 1828 1199 1869 nmen
1216 1819 1250 1868 bis
1267 1820 1300 1868 in·
1312 1821 1356 1868 dns
1376 1819 1579 1885 Umgcschlageen.

917 2155 983 2228 Nr.
1015 2157 1075 2229 82.

162 2303 277 2389 Engen
305 2303 371 2368 III
389 2304 527 2367 verleiht
553 2303 626 2367 dem
656 2303 806 2385 Bisthose
835 2304 1011 2368 Eberhard
1034 2326 1095 2367 oon
1122 2305 1288 2388 Bamberg
1314 2306 1376 2369 das
1406 2304 1549 2368 Palle’eem
1582 2305 1653 2368 nnd
1680 2305 1830 2388 besteitigt

164 2394 228 2457 ihm
243 2393 302 2456 die
320 2393 557 2457 Besitzthc'c‘ener
570 2395 673 2457 seines
687 2392 894 2474 Hochste'stes,
917 2395 1023 2474 wofie'r
1035 2393 1184 2476 jethrlc'eh
1204 2395 1256 2457 ein
1271 2397 1516 2481 ausgereeumcer
1527 2393 1706 2458 Schc'enmel
1716 2416 1759 2458 an
1774 2396 1829 2459 die

756 2479 859 2546 Kurie
880 2505 920 2548 zu
946 2482 1120 2546 entrichten
1144 2484 1187 2545 ist
1202 2485 1237 2563 ¹).

739 2618 822 2679 1146
837 2615 1010 2679 December
1031 2619 1082 2679 31.
1124 2614 1255 2679 Viterbo.

321 2735 486 2816 Eugenius
513 2735 696 2815 episcopus,
726 2753 835 2795 servus
868 2752 1033 2795 servorum
1057 2733 1119 2809 dei,
1149 2733 1325 2795 venerabili
1357 2732 1445 2794 fratri
1467 2731 1668 2808 Eberhardo,
1700 2731 1826 2796 Baben·

163 2823 313 2904 bergensi
335 2825 363 2900 a)
394 2823 561 2905 episcop0‚
595 2824 728 2903 eiusque
760 2822 1008 2898 successoribus
1040 2823 1196 2885 canonice
1227 2822 1460 2885 substituendis
1490 2834 1528 2883 IN
1555 2833 1632 2883 PPM.
1656 2856 1698 2866 -
1719 2819 1724 2906 l
1745 2822 1827 2885 Cum

164 2913 320 2975 universis
351 2923 463 2999 sancte
494 2912 631 2998 ecclesie
659 2910 732 2973 filiis
766 2911 932 2974 debitores
963 2932 1005 2974 ex
1036 2912 1179 2974 iniuncto
1210 2912 1306 2973 nobis
1336 2932 1355 2973 a
1389 2912 1451 2973 deo
1482 2910 1685 2991 apostolatus
1716 2910 1827 2973 officio

163 3002 355 3076 existamus,
386 3001 447 3063 illis
476 3011 584 3064 tamen
617 3001 696 3063 locis
727 3011 825 3080 atque
855 3001 1003 3080 personis
1033 3001 1237 3082 propensiori
1270 3020 1331 3062 nos
1361 3001 1514 3062 convenit
1546 3000 1687 3061 caritatis
1718 3001 1827 3063 studio

164 3091 342 3165 imminere,
375 3110 438 3176 que
461 3091 503 3151 ad
526 3090 637 3152 sedem
661 3090 876 3170 apostolicam
899 3088 1087 3172 noiscuntur
1113 3089 1283 3169 specialius
1306 3089 1476 3169 pertinere.
1522 3089 1625 3150 Huius
1649 3088 1691 3150 rei
1714 3089 1827 3169 gratia,

163 3179 359 3242 venerabilis
383 3178 480 3241 frater
501 3180 695 3243 EBERARDE
718 3179 882 3259 episcope,
912 3198 1009 3259 quem
1033 3180 1152 3259 utique,
1185 3188 1383 3258 cooperante
1407 3178 1550 3252 domin0‚
1584 3179 1725 3258 propriis
1748 3188 1827 3240 tarn·

164 3288 261 3348 quam
286 3268 375 3330 beati
391 3268 476 3330 Petri
500 3268 648 3330 manibus
672 3268 704 3328 in
728 3268 918 3348 episcopum
943 3268 1210 3342 consecravimus
1234 3286 1373 3352 persone
1395 3275 1449 3352 tue
1472 3266 1615 3346 pallium,
1632 3267 1827 3347 pontificalis

163 3359 287 3419 scilicet
310 3355 410 3419 officii
435 3357 679 3437 plenitudinem,
704 3355 892 3417 humilitatis
915 3363 948 3417 et
964 3357 1082 3439 iustitie
1106 3357 1240 3436 signum,
1265 3356 1307 3417 ad
1330 3375 1421 3417 sacra
1444 3355 1611 3417 missarum
1634 3355 1828 3438 sollempnia

163 3446 361 3508 celebranda
391 3446 612 3521 concedimus,
646 3455 681 3507 ut
710 3444 861 3506 videlicet
891 3465 930 3506 eo
962 3444 1011 3507 his
1042 3445 1157 3507 diebus
1187 3443 1268 3505 infra
1298 3445 1467 3506 ecclesiam
1498 3445 1726 3506 tantummodo
1757 3466 1827 3527 per·

164 3535 288 3608 fruaris
312 3536 368 3615 qui
386 3536 417 3596 in
434 3536 592 3615 presentis
612 3535 721 3615 scripti
742 3534 862 3615 pagina
877 3535 1097 3595 continentur:
1121 3534 1153 3594 id
1170 3543 1218 3595 est
1234 3553 1315 3595 cena
1331 3533 1464 3609 domini,
1480 3532 1611 3614 pascha,
1628 3542 1828 3614 pentecoste,

164 3625 334 3685 nativitate
358 3623 481 3685 domini
514 3635 547 3685 et
575 3623 744 3685 salvatoris
777 3623 877 3683 nostri
902 3623 972 3684 lesu
996 3622 1123 3698 Christi,
1154 3623 1185 3683 in
1220 3622 1371 3683 natalicio
1402 3621 1572 3683 beatorum
1603 3624 1828 3703 apostolorum

160 3713 243 3774 Petri
268 3724 302 3775 et
317 3712 417 3786 Pauli,
441 3713 474 3773 in
496 3712 738 3792 sollempnitate
754 3712 855 3773 sancti
872 3711 1011 3773 Dionisii
1028 3712 1196 3792 sanctique
1212 3710 1344 3791 Georgii
1361 3711 1534 3784 martirum,
1559 3712 1591 3772 in
1611 3713 1827 3775 anniversario

161 3822 294 3882 quoque
317 3809 372 3885 tue
403 3801 654 3863 consecrationis
678 3801 731 3862 die
762 3808 795 3861 et
822 3800 854 3861 in
886 3800 1146 3863 dedicationibus
1170 3800 1378 3885 ecclesiarum
1409 3809 1507 3880 atque
1530 3800 1562 3861 in
1593 3801 1828 3882 sollempnibus

161 3890 423 3952 ordinationibus
454 3889 656 3964 clericorum,
689 3890 721 3950 in
755 3889 928 3951 festivitate
958 3889 1045 3951 beati
1070 3891 1224 3951 HENRICI
1254 3889 1346 3969 regis,
1379 3888 1468 3950 cuius
1498 3909 1616 3969 corpus
1647 3889 1680 3951 in
1712 3891 1827 3952 eadem

161 3979 300 4063 ecclesia
323 3980 524 4059 requiescere
552 3978 699 4040 creditur.
749 3977 848 4040 Cuius
878 3978 1027 4058 profecto
1058 3978 1156 4059 pallei
1189 3988 1220 4039 te
1251 3977 1400 4039 volumus
1430 3997 1490 4057 per
1518 3978 1628 4039 omnia
1659 3979 1777 4040 lenium
1797 3976 1827 4063 b)

159 4066 334 4129 vendicare
350 4077 383 4129 et
398 4087 571 4148 personam
595 4075 684 4128 tuam
709 4067 770 4128 deo
794 4067 938 4148 propitio
961 4067 1061 4128 talem
1084 4068 1116 4128 in
1141 4066 1292 4129 omnibus
1316 4065 1479 4140 exhibere,
1504 4076 1539 4127 ut
1555 4074 1587 4128 et
1603 4066 1681 4128 boni
1700 4069 1827 4131 dulcem

160 4164 193 4218 et
217 4156 293 4218 mali
318 4166 350 4218 te
373 4157 462 4237 pium
486 4156 628 4218 sentiant
652 4163 877 4218 correctorem.
924 4156 959 4216 ln
985 4176 1049 4236 qua
1072 4157 1221 4217 nimirum
1245 4156 1446 4217 correctione
1468 4154 1554 4216 hunc
1584 4175 1655 4218 esse
1679 4158 1827 4220 ordinem

160 4245 290 4307 noveris
314 4245 563 4319 observandum,
596 4252 631 4306 ut
660 4265 816 4325 personas
842 4244 956 4325 diligas
980 4252 1012 4306 et
1034 4245 1112 4306 vitia
1135 4245 1346 4325 persequaris,
1379 4265 1428 4318 ne,
1460 4245 1485 4306 si
1510 4245 1603 4306 aliter
1624 4266 1720 4326 agere
1744 4247 1827 4310 sorte

159 4335 310 4406 volueris,
341 4343 483 4396 transeat
506 4335 537 4395 in
570 4334 793 4396 crudelitatem
825 4334 983 4395 correctio
1014 4344 1047 4396 et
1077 4334 1203 4414 perdas,
1236 4353 1319 4413 quos
1349 4333 1522 4395 emendare
1553 4334 1726 4397 desideras.
1772 4336 1827 4400 Sic

158 4425 246 4484 enim
262 4423 378 4484 vulnus
394 4422 495 4485 debes
519 4423 695 4496 abscidere,
720 4429 844 4484 utnon
868 4424 974 4503 possis
997 4423 1146 4497 ulcerare,
1172 4423 1262 4503 quod
1285 4442 1400 4484 sanum
1420 4432 1477 4496 est,
1502 4443 1551 4498 ne,
1575 4424 1600 4485 si
1625 4423 1706 4504 plus,
1728 4446 1827 4507 quam

159 4533 210 4574 res
239 4513 351 4592 exigit,
384 4510 501 4573 serrum
532 4511 738 4592 impresseris,
769 4530 898 4586 noceas,
932 4512 982 4573 cui
1006 4513 1162 4592 prodesse
1186 4511 1326 4573 festinas.
1371 4511 1447 4591 Ipsa
1471 4531 1603 4592 quoque
1627 4512 1766 4577 dulcedo
1792 4516 1824 4576 in

158 4612 192 4663 te
216 4612 312 4662 cauta
328 4601 377 4675 sit,
402 4620 467 4662 non
484 4601 625 4674 remissa,
649 4601 806 4661 correctio
829 4620 907 4661 vero
924 4600 1062 4680 diligens
1076 4602 1126 4674 sit,
1144 4621 1209 4662 non
1226 4619 1344 4674 severa,
1367 4607 1416 4661 set
1431 4600 1478 4661 sic
1498 4599 1634 4662 alterum
1657 4604 1828 4666 condiatur

158 4711 202 4751 ex
225 4690 337 4764 altem,
362 4697 397 4750 ut
420 4698 453 4751 et
474 4688 554 4751 boni
570 4688 714 4751 habeant
737 4688 888 4763 amando,
913 4690 1002 4769 quod
1026 4700 1170 4764 caveant,
1195 4699 1228 4751 et
1251 4689 1342 4770 pravi
1366 4690 1550 4764 metuendo,
1576 4691 1664 4770 quod
1681 4692 1826 4774 diligant.

158 4779 255 4841 Hanc
278 4779 383 4859 igitur,
408 4775 506 4840 srater
527 4778 702 4851 karissime,
726 4778 868 4858 suscepti
886 4778 974 4858 pallii
1001 4777 1201 4858 dignitatem,
1225 4778 1250 4840 si
1271 4777 1409 4840 sollicite
1431 4780 1616 4854 servaveris,
1641 4782 1730 4860 quod
1750 4783 1827 4845 foris

158 4868 326 4948 accepisse
350 4867 536 4942 dinosceris,
568 4867 653 4928 intus
675 4866 823 4929 habebis.
870 4867 1119 4929 Fraternitatem
1147 4878 1234 4930 tuam
1264 4867 1367 4948 gratia
1398 4867 1506 4928 divina
1536 4870 1699 4931 custodiat
1728 4878 1761 4933 et
1783 4872 1825 4934 ab

157 4957 312 5018 omnibus
335 4976 465 5036 semper
487 4962 615 5017 tueatur
637 4956 787 5017 adversis.
834 4954 920 5034 Quia
943 4976 1020 5017 vero
1044 4956 1133 5018 bona
1156 4955 1438 5036 Babenbergensis
1468 4956 1604 5043 ecclesie
1636 4959 1668 5020 in
1692 4958 1825 5023 diversis

156 5045 404 5126 episcopatibus
427 5045 478 5106 vel
501 5043 679 5125 parrochiis
703 5045 764 5105 sita
787 5052 870 5118 sunt,
903 5054 936 5106 et
959 5045 1093 5124 quidam
1117 5045 1264 5126 episcopi
1288 5045 1320 5106 in
1348 5044 1536 5106 coercendis
1561 5045 1826 5113 malefactoribus

155 5135 208 5196 vel
223 5132 446 5196 turbatoribus
462 5134 637 5195 earundem
655 5133 906 5213 possessionum,
931 5145 1029 5213 prout
1045 5135 1238 5215 accepimus,
1256 5134 1456 5214 negligentes
1472 5135 1623 5211 existunt,
1647 5139 1827 5218 statuimus,

157 5232 201 5296 ut,
223 5225 250 5284 si
267 5222 396 5301 (ilidem
413 5221 638 5283 malefactores
655 5223 810 5283 canonice
834 5223 948 5284 moniti
965 5222 1074 5285 ablata
1091 5224 1256 5286 restituere
1280 5230 1313 5285 et
1333 5242 1352 5283 a
1367 5242 1425 5284 sua
1439 5226 1685 5305 presumptione
1701 5247 1826 5292 cessare

155 5312 326 5386 noluerint,
351 5311 498 5391 episcopi
523 5330 663 5391 quoque,
689 5311 720 5371 in
745 5331 883 5391 quorum
906 5311 1085 5392 parrochiis
1108 5312 1231 5393 degunt
1252 5311 1294 5392 c),
1318 5313 1350 5373 in
1375 5331 1487 5373 eorum
1511 5316 1711 5379 correctione
1726 5319 1825 5400 negli-

316 5512 343 5565 α)
362 5503 453 5566 Dasg
475 5503 552 5551 durch
570 5506 654 5553 Raner
677 5503 733 5552 und
747 5503 882 5554 hberectnr
904 5504 980 5553 acesi
1001 5505 1132 5570 hergestellt
1232 5506 1258 5561 bl
1281 5506 1346 5556 1139
1373 5504 1424 5555 Oct.
1450 5506 1484 5556 20
1511 5507 1626 5570 genium,
1652 5509 1693 5559 lies
1715 5511 1825 5575 gentium

155 5580 179 5641 c)
199 5583 261 5642 gunt
286 5576 339 5640 anf
352 5576 450 5634 Racnr,
477 5575 569 5638 e'c'berg
596 5576 633 5625 die
657 5575 722 5626 einer
748 5575 884 5640 Oberlbnge.
903 5614 956 5621 -
974 5580 1011 5640 ,1)
1030 5577 1078 5626 Die
1106 5576 1176 5625 Tcxte
1202 5574 1285 5642 Just,
1315 5579 1374 5644 Reg.
1393 5579 1463 5628 ceta
1487 5579 1542 5628 nnd
1562 5578 1661 5646 Melane,
1688 5583 1756 5634 Pate.
1774 5584 1826 5634 180

152 5657 177 5713 p.
198 5651 267 5698 1175
284 5647 344 5697 sind
358 5647 434 5712 vbltig
450 5647 615 5712 nngem'igend.
638 5676 669 5684 -
695 5647 773 5712 Vergl.
791 5647 828 5705 dic
849 5647 909 5697 tere.
927 5664 982 5698 vom
1000 5649 1033 5697 24
1052 5648 1183 5712 September
1203 5651 1269 5698 1017
1288 5651 1344 5698 und
1359 5650 1392 5700 29
1413 5648 1510 5700 October
1527 5651 1603 5701 1131.

1566 5729 1618 5781 ιι*
