3982 6194
241 236 284 319 36,

239 429 275 494 Si
298 447 364 509 qua
386 427 483 510 igitur
506 425 538 488 in
561 431 730 507 posterum
762 424 981 490 ecclesiastica
1010 426 1205 491 secularisve
1227 448 1377 511 persona,
1407 425 1503 492 huius
1533 435 1643 516 nostre
1673 427 1912 493 constitutionis

239 520 393 601 paginam
415 517 530 590 sciens,
554 522 668 578 contra
691 534 762 577 eam
787 522 912 579 temere
934 516 1042 579 venire
1065 517 1282 599 temptaverit,
1313 518 1459 581 secundo
1484 520 1629 582 terciove
1652 519 1862 593 commonita,
1884 519 1911 580 si

239 628 304 670 non
335 614 462 670 reatum
495 625 591 667 suum
630 604 793 687 condigne
830 607 1024 681 correxerit,
1067 607 1239 687 potestatis
1271 603 1482 691 [honorisque
1520 608 1568 670 sui
1600 603 1772 693 dignitate]
1803 614 1912 670 careat

239 716 395 776 reamque
409 715 445 759 se
461 695 572 757 divino
589 694 710 757 iudicio
733 695 874 757 existere
897 695 941 758 de
964 703 1153 777 perpetrata
1176 692 1367 783 iniquitate]
1392 704 1573 778 cognoscat
1596 706 1628 760 et
1651 719 1670 760 a
1693 695 1911 760 sacratissimo

239 805 380 868 corpore
403 791 436 847 et
457 785 616 866 sanguine
638 783 692 846 dei
721 804 760 846 ac
783 784 916 858 domini,
947 785 1165 866 redemptoris
1189 781 1303 873 [nostri
1327 785 1399 849 Iesu
1424 785 1550 863 Christi,
1574 783 1690 872 aliena]
1715 786 1780 862 liat,
1812 792 1911 867 atque

240 876 271 938 in
295 882 444 939 extremo
468 873 618 936 examine
641 873 788 936 districte
811 872 979 936 subiaceat
1002 873 1125 936 ultioni.
1172 874 1409 938 Conservantes
1430 870 1435 960 Ι
1455 884 1565 940 autem
1592 874 1654 940 hec
1677 874 1911 958 omnipotentis

239 965 293 1027 dei
324 971 357 1027 et
387 963 559 1115 beqqorum
595 961 836 1043 apostolorum,
875 962 961 1025 Petri
998 983 1038 1026 ac
1067 963 1170 1040 Pauli,
1200 960 1452 1051 benedic[tionis
1481 962 1631 1054 gratiam]
1663 973 1911 1046 consequantur.

239 1052 316 1117 Am.
339 1051 417 1116 Am.
476 1073 518 1115 m.

452 1142 513 1218 (R)
537 1140 611 1223 Ego
634 1140 841 1203 innocentius
865 1138 1027 1228 catholice
1051 1140 1187 1204 ecclesie
1211 1161 1280 1224 eps.
1305 1164 1346 1206 ss.
1370 1141 1433 1229 (M)

452 1227 472 1313 †
496 1230 568 1313 Ego
593 1227 764 1292 Conradus
787 1225 972 1292 Sabinensis
996 1231 1172 1313 episcopus
1194 1251 1236 1293 ss.

452 1316 473 1402 †
497 1319 569 1402 Ego
592 1316 834 1381 Theodewinus
857 1327 968 1382 sancte
991 1319 1106 1405 Rufinp
1129 1322 1306 1403 episcopus
1329 1340 1370 1382 ss.
1395 1322 1442 1399 (2)

453 1443 493 1456 -
518 1405 538 1491 †
561 1408 634 1489 Ego
652 1406 817 1471 Gerardus
832 1408 995 1489 presbiter
1011 1409 1181 1472 cardinalis
1198 1412 1245 1473 tit.
1260 1418 1374 1497 sancte
1390 1409 1503 1473 Crucis
1518 1409 1549 1472 in
1565 1409 1741 1473 ierusalem
1757 1430 1798 1472 ss.
1816 1408 1848 1493 (1
1858 1409 1912 1492 ¹l2)

454 1532 493 1544 -
519 1495 539 1580 †
562 1498 635 1578 Ego
660 1494 837 1579 Gregorius
860 1499 1017 1561 diaconus
1041 1498 1212 1562 cardinalis
1235 1506 1421 1562 sanctorum
1446 1499 1552 1581 Sergii
1576 1506 1610 1561 et
1631 1497 1733 1562 Bachi
1757 1519 1799 1561 ss.
1824 1501 1872 1580 (3)

399 1588 475 1649 Dat.
498 1586 659 1661 Laterani,
682 1607 742 1669 per
767 1607 896 1650 manum
920 1585 1087 1657 Aimerici.
1117 1597 1229 1651 sancte
1253 1589 1404 1651 Romane
1426 1587 1563 1651 ecclesie
1587 1589 1717 1653 diaconi
1742 1589 1916 1652 cardinalis

240 1682 273 1738 et
297 1675 485 1739 cancellarii.
533 1676 657 1740 nidus
681 1675 812 1758 Aprilis.
857 1675 1042 1740 indictione
1063 1692 1098 1741 11.
1143 1677 1378 1741 incarnationis
1402 1678 1566 1741 dominice
1593 1699 1679 1743 anno
1703 1690 1914 1742 Mcxxxvull.

241 1764 451 1829 Pontificatus
474 1785 553 1830 vero
576 1766 688 1829 domni
711 1765 866 1829 inocentii
890 1779 916 1827 11
938 1766 997 1828 ΡΡ.
1020 1781 1162 1830 annox.

402 1881 444 1929 Or.
464 1881 507 1930 der
528 1880 651 1930 Collectrbn
670 1879 774 1929 Morbr'os
791 1896 839 1928 von
857 1879 979 1939 lisar'land,
999 1881 1133 1946 angekaust
1149 1882 1227 1930 durch
1244 1880 1328 1931 Herm
1354 1881 1562 1945 Willnursdo'rscr
1577 1889 1618 1931 etc.
1638 1880 1665 1929 in
1683 1881 1819 1931 Jilr'r'nciun.

401 1952 470 2017 I‘erg.
488 1953 549 2012 ital,
576 1953 612 2002 br.
632 1955 683 2011 ΟΛ,
708 1954 770 2017 lang
785 1955 854 2011 0,48,
880 1959 954 2000 utiten
973 1953 1050 2012 0,025
1066 1953 1256 2019 umgeschlagen,
1282 1953 1360 2002 durch
1378 1954 1430 2002 dni
1449 1952 1540 2002 Licher
1556 1954 1583 2002 in
1597 1953 1701 2019 gcrader
1717 1953 1789 2002 Linie
1803 1955 1861 2020 geht
1878 1954 1916 2003 cin

239 2022 315 2072 suat
331 2039 386 2072 roso
404 2025 460 2072 und
470 2025 557 2090 gelber,
579 2023 737 2089 grobfddrger
753 2023 936 2082 Seidcnsclmur,
964 2024 1089 2088 Bleisiegel
1110 2027 1227 2074 verlorrn.
1264 2025 1371 2091 Fallung
1388 2025 1431 2074 der
1448 2027 1543 2074 Bullcn.
1587 2026 1743 2091 Verewrgung
1759 2025 1834 2074 Nrd
1855 2026 1915 2085 pto,

239 2094 318 2160 wcnig
339 2095 528 2155 morarum,
544 2096 613 2159 fitia
635 2111 687 2144 nur
703 2096 791 2155 0,035.
826 2096 891 2144 Drci
905 2098 983 2144 Amm
1006 2096 1129 2145 schliessm
1152 2098 1190 2145 die
1212 2099 1276 2146 letale
1298 2097 1368 2145 Zcile.
1404 2098 1467 2145 Rota
1484 2096 1527 2146 Nr
1545 2100 1568 2156 1,
1594 2096 1765 2162 Monogramm
1783 2098 1914 2163 ditnnlimg

240 2167 281 2215 Nr
297 2166 336 2225 3⁶,
355 2167 416 2217 braii
432 2169 519 2227 0,038,
538 2166 597 2215 koch
615 2167 703 2226 0,(144.
738 2167 787 2216 Die
808 2167 973 2231 Umerschrist
988 2167 1048 2232 zeigt
1064 2169 1266 2226 Besonderteitm,
1292 2170 1377 2217 surnal
1391 2168 1424 2216 im
1442 2184 1459 2232 g
1477 2169 1522 2216 mit
1539 2168 1623 2232 spicer
1639 2169 1917 2235 Durchrugunterldngc

239 2239 294 2287 ursd
308 2239 341 2287 im
361 2238 432 2288 imit
457 2238 538 2288 himen
562 2239 657 2302 spitum
683 2237 880 2288 Blattsckndrkcl.
917 2239 1060 2305 lr'ingkreuz,
1090 2240 1149 2289 Um·
1176 2241 1231 2288 und
1257 2240 1422 2302 Urucrschrrst
1444 2238 1525 2288 Hand
1547 2240 1603 2288 und
1617 2240 1692 2290 Diale
1701 2241 1756 2304 fiir
1771 2240 1831 2290 sich.
1869 2242 1916 2290 Dic

239 2318 315 2359 crsrm
332 2309 386 2359 drei
401 2309 581 2376 Zeugenfirmen
603 2310 661 2358 sind
682 2309 727 2358 mit
750 2309 857 2375 gleicher
874 2310 977 2359 dunkler
993 2311 1076 2371 Dinte,
1099 2312 1158 2360 doch
1175 2311 1242 2360 wohl
1255 2326 1303 2359 von
1319 2310 1500 2360 verschicdmcn
1518 2311 1629 2361 Hiindcn
1647 2313 1802 2378 eingctragm,
1825 2313 1918 2379 Gregor

239 2382 323 2431 hellen
341 2382 422 2444 Οἰκία,
441 2381 479 2430 die
492 2380 590 2447 glatire,
608 2381 653 2432 wie
669 2382 707 2433 dic
724 2381 881 2444 Datumuile,
900 2383 978 2432 warin
995 2383 1040 2432 dns
1057 2385 1080 2434 Α
1098 2383 1232 2432 Aimcriclrs
1249 2398 1296 2432 von
1314 2383 1444 2432 durtklerer
1459 2382 1581 2433 territari.

993 2667 1061 2741 Nu.
1091 2669 1153 2741 42.

240 2819 393 2888 Innocens
409 2819 454 2887 ll
471 2816 590 2884 mtnmt
609 2818 671 2884 den
689 2816 1013 2884 Kanonikerkonvent
1033 2839 1097 2882 von
1114 2816 1227 2881 Numi
1250 2821 1283 2882 in
1305 2816 1536 2902 aposlolz'sclzen
1551 2819 1669 2884 Sclruta
1684 2818 1753 2883 und
1764 2818 1918 2907 bestdtigt

836 2908 926 2971 aeine
945 2906 1048 2971 Git'ter
1061 2908 1130 2972 und
1144 2907 1263 2972 Rachle
1280 2910 1317 2992 ¹).

830 3043 913 3105 1139
936 3039 1066 3106 October
1079 3045 1134 3106 29.
1172 3042 1322 3106 Lateran.

398 3179 604 3243 innocentius
628 3179 813 3261 episcopus,
841 3196 953 3240 servus
976 3196 1144 3241 servorum
1169 3177 1231 3251 dei,
1260 3176 1387 3241 dilectis
1411 3177 1484 3240 filiis
1508 3176 1641 3260 Hugoni
1672 3177 1915 3257 archidiacono,

241 3268 414 3333 Gotiiredo
444 3267 640 3352 presbytero
673 3288 712 3331 ac
743 3267 880 3329 caeteris
913 3267 1075 3330 canonicis
1105 3266 1261 3331 ecclesiae
1291 3268 1395 3330 sancti
1428 3266 1584 3329 iuvenalis
1608 3266 1813 3345 Narniensis‚
1845 3278 1914 3334 tam

240 3358 466 3443 praesentibus
481 3377 580 3439 quam
603 3357 726 3428 futuris,
750 3367 788 3417 IN
803 3368 880 3417 PPM.
904 3355 1097 3432 -Clerici,
1121 3358 1177 3436 qui
1201 3359 1234 3419 in
1258 3365 1379 3420 sortem
1405 3356 1528 3419 domini
1551 3365 1627 3420 sunt
1649 3361 1766 3435 vocati,
1790 3367 1916 3440 quanto

238 3448 424 3513 familiarius
463 3448 679 3530 omnipotenti
718 3443 853 3507 domino
890 3443 1069 3509 adhaerere
1108 3454 1301 3522 noscuntur,
1343 3453 1435 3509 tanto
1474 3466 1532 3509 eos
1564 3449 1730 3524 convenit,
1769 3457 1839 3512 tam
1869 3449 1913 3513 ab

239 3537 465 3602 exactionibus
496 3556 568 3600 esse
598 3536 728 3607 liberos,
760 3554 901 3614 quama
932 3555 1106 3617 pravorum
1137 3534 1306 3598 hominum
1338 3537 1572 3615 inquietatione
1595 3556 1735 3600 securos.
1781 3537 1913 3619 Equum

239 3635 290 3691 est
313 3628 407 3703 enim,
431 3634 475 3703 ut,
498 3625 779 3709 quemadmodum
796 3624 827 3684 in
850 3623 1071 3705 spiritualibus
1093 3633 1298 3688 sacrosancta
1321 3625 1374 3689 dei
1398 3625 1536 3688 ecclesia
1557 3626 1625 3689 sine
1642 3647 1721 3709 ruga
1738 3635 1771 3691 et
1787 3628 1916 3691 macula

239 3727 272 3781 et
295 3719 444 3781 scismate
468 3717 599 3779 unitatis
621 3719 802 3798 perpetuae
825 3712 1002 3794 splendore
1025 3713 1180 3790 clarescit,
1214 3716 1258 3777 ita
1289 3716 1321 3777 in
1354 3713 1587 3797 temporalibus
1611 3717 1716 3779 nulius
1738 3716 1791 3780 vel
1814 3719 1847 3780 in
1869 3738 1914 3792 se,

238 3807 290 3871 vel
314 3810 347 3870 in
371 3807 528 3870 membris
551 3807 616 3868 suis
640 3801 881 3886 gravaminibus
905 3802 1068 3885 aiiiigatur
1091 3812 1132 3879 et,
1163 3805 1218 3884 qui
1241 3807 1310 3867 eius
1333 3812 1408 3867 sunt
1430 3805 1563 3867 servitio
1593 3807 1778 3888 mancipati,
1811 3806 1916 3870 nullas

238 3898 366 3960 iniurias
395 3904 473 3960 tunc
502 3895 794 3959 extraordinarium
826 3893 999 3973 patiantur.
1044 3893 1199 3973 ideoque,
1232 3893 1343 3957 dilecti
1365 3894 1396 3955 in
1420 3894 1555 3956 domino
1580 3894 1646 3970 filii,
1677 3897 1793 3958 vestris
1816 3897 1914 3960 ratio·

240 3985 396 4050 nabiiibus
419 3983 689 4068 postulationibus
712 3987 900 4057 annuentes,
923 3989 1064 4045 vestram
1088 3983 1302 4047 Narniensem
1327 3984 1431 4046 sancti
1448 3983 1608 4046 iuvenalis
1631 3984 1801 4048 ecclesiam
1825 3985 1914 4049 beati

239 4077 325 4140 Petri
349 4076 556 4157 protectione
579 4076 749 4147 munimus,
771 4077 960 4145 statuentes,
994 4080 1030 4134 ut
1053 4094 1275 4154 quascumque
1300 4072 1533 4154 possessiones,
1566 4093 1794 4156 quaecumque
1825 4074 1915 4138 bona

239 4167 270 4228 in
302 4165 556 4248 praesentiarum
589 4162 705 4226 eadem
736 4158 872 4225 ecclesia
903 4161 987 4224 iuste
1023 4167 1057 4223 et
1091 4164 1247 4224 canonice
1278 4161 1445 4244 possidet,
1486 4161 1579 4225 firma
1608 4164 1702 4226 vobis
1732 4164 1914 4246 vestrisque

238 4253 482 4318 successoribus
518 4261 552 4316 et
580 4251 702 4316 illibata
737 4257 958 4333 permaneant.
1010 4251 1045 4313 in
1085 4251 1202 4330 quibus
1241 4249 1324 4314 haec
1363 4251 1502 4333 propriis
1542 4253 1726 4315 nominibus
1759 4253 1915 4316 duximus

240 4343 468 4427 exprimenda:
506 4341 657 4405 videlicet
682 4339 854 4405 ecclesiam
885 4338 987 4402 sancti
1011 4339 1140 4402 ioannis
1173 4341 1216 4403 de
1247 4348 1354 4403 castro
1377 4340 1545 4403 Albanino
1578 4362 1651 4405 cum
1686 4342 1839 4405 omnibus
1871 4343 1915 4405 ad

240 4454 312 4499 eam
336 4432 570 4515 pertinentibus
593 4438 635 4506 et,
659 4451 744 4511 quae
767 4427 894 4491 habetis
915 4429 947 4490 in
971 4430 1173 4510 pertinentiis
1196 4430 1343 4493 eiusdem
1367 4432 1463 4492 castri
1486 4432 1518 4493 in
1543 4431 1646 4507 terris,
1669 4433 1782 4507 vineis,
1806 4431 1915 4513 sylvis,

239 4521 412 4588 ecclesiam
435 4523 539 4585 sancti
554 4521 718 4584 Laurentii
739 4520 782 4583 de
802 4525 909 4580 castro
926 4516 1052 4585 Buione
1076 4539 1149 4581 cum
1172 4519 1321 4582 omnibus
1345 4519 1547 4601 pertinentiis
1570 4520 1644 4596 suis,
1668 4528 1779 4595 terras,
1803 4524 1915 4584 vineas

240 4621 274 4678 et
296 4611 414 4694 sylvas,
439 4631 521 4692 quas
544 4613 576 4673 in
600 4611 765 4674 territorio
789 4607 938 4672 eiusdem
964 4609 1059 4669 castri
1083 4605 1221 4683 habetis,
1245 4609 1399 4671 iustitiam
1424 4629 1565 4690 quoque,
1589 4630 1686 4692 quam
1711 4612 1743 4673 in
1760 4608 1915 4692 hospitali

240 4705 304 4766 sito
334 4703 386 4764 via
416 4699 575 4763 Flaminia
610 4700 701 4763 iuxta
733 4695 904 4781 scopulum
937 4693 1081 4759 Carnarli
1119 4699 1150 4760 in
1189 4700 1443 4780 praesentiarum
1477 4707 1585 4761 vestra
1621 4699 1758 4762 ecclesia
1791 4699 1915 4764 habere

241 4791 466 4874 cognoscitur,
496 4789 591 4852 vobis
622 4787 829 4852 nihilominus
861 4784 1091 4849 confirmamus
1128 4786 1219 4850 salvo
1251 4787 1318 4849 iure
1349 4808 1547 4870 pauperum,
1580 4788 1749 4851 ecclesiam
1782 4797 1915 4853 sanctae

240 4882 364 4945 Mariae
386 4881 429 4943 de
451 4879 587 4943 Visiano
611 4898 684 4941 cum
715 4877 816 4954 terris,
846 4875 957 4950 vineis,
986 4873 1086 4955 sylvis
1111 4885 1145 4939 et
1168 4876 1321 4940 omnibus
1344 4886 1413 4940 tam
1447 4877 1638 4951 mobilibus,
1672 4899 1770 4960 quam
1801 4879 1914 4942 immo·

240 4970 365 5045 bilibus,
388 4969 429 5031 ad
454 4989 526 5033 eam
551 4967 796 5051 pertinentibus,
820 4964 989 5030 ecclesiam
1013 4966 1117 5028 sancti
1133 4965 1299 5028 Anastasii
1323 4965 1366 5029 de
1381 4967 1592 5030 Lumbriceto
1614 4989 1687 5031 cum
1713 4969 1916 5049 pertinentiis

241 5060 370 5134 suiset,
400 5058 560 5139 quidquid
584 5056 711 5120 habetis
734 5056 766 5119 in
789 5055 983 5138 pertinentia
1015 5053 1121 5136 plebis
1143 5057 1247 5118 sancti
1270 5055 1358 5118 Pauli
1391 5064 1424 5119 et
1456 5059 1487 5119 in
1511 5065 1617 5119 castro
1642 5057 1788 5121 Cisterna
1818 5067 1853 5120 et
1883 5060 1915 5121 in

242 5149 444 5232 pertinentiis
468 5149 544 5222 eius,
569 5146 739 5210 ecclesiam
762 5147 865 5209 sancti
891 5142 976 5206 Petri
1001 5145 1044 5207 de
1068 5143 1214 5208 Collibus
1238 5165 1313 5207 cum
1336 5147 1438 5220 terris,
1462 5147 1574 5220 vineis
1597 5146 1697 5227 sylvis
1713 5155 1747 5210 et
1763 5148 1916 5210 omnibus

241 5239 283 5302 ad
307 5258 378 5301 eam
412 5236 646 5319 pertinentibus
676 5244 718 5311 et,
748 5233 908 5316 quidquid
938 5230 1067 5296 habetis
1090 5234 1121 5296 in
1146 5242 1252 5297 castro
1276 5236 1378 5297 sancti
1403 5235 1533 5299 Gemini
1556 5234 1607 5299 vei
1639 5238 1804 5300 territorio
1838 5238 1916 5301 eius.

242 5326 478 5410 Quaecumque
508 5334 677 5409 praeterea
707 5326 738 5388 in
769 5325 921 5396 futurum,
954 5322 1111 5405 largiente
1142 5324 1215 5398 deo,
1247 5326 1459 5388 concessione
1490 5325 1691 5407 pontificum,
1722 5325 1915 5390 iiberalitate

242 5438 364 5500 regum,
395 5415 566 5498 largitione
597 5416 790 5498 principum,
822 5411 987 5479 oblatione
1018 5412 1170 5489 fidelium,
1200 5433 1258 5476 seu
1290 5413 1360 5476 aliis
1390 5414 1481 5476 iustis
1515 5416 1623 5478 modis
1645 5423 1753 5479 vestra
1777 5415 1916 5480 ecclesia

242 5550 666 5567 ,ῤ--α--ῇ

404 5594 429 5657 1)
449 5592 497 5642 Dic
507 5592 631 5658 Abschrr'fl
646 5592 720 5643 drkser
737 5591 854 5643 Urkusrde
871 5589 991 5641 verdanke
1008 5589 1046 5638 ich
1063 5591 1148 5641 Herm
1171 5591 1231 5640 Can.
1244 5592 1303 5640 Drm
1320 5593 1408 5640 Romeo
1426 5589 1515 5657 Fugio
1521 5591 1546 5639 li
1561 5591 1588 5640 in
1605 5593 1697 5643 Numi.
1718 5623 1749 5631 —
1772 5593 1912 5645 Cathcdrol.

242 5664 385 5717 Narm‘enrr's
402 5664 497 5732 eiusque
514 5665 614 5730 capiuli
629 5673 670 5717 etc.
688 5682 751 5717 mort.
770 5665 856 5716 Narm'
871 5665 940 5714 1770
952 5669 981 5727 p.
1002 5664 1026 5712 7.
1045 5690 1079 5699 -
1104 5663 1181 5729 Vergl.
1200 5663 1238 5714 dic
1259 5663 1318 5713 Urk.
1337 5678 1392 5713 vom
1411 5665 1444 5712 10
1461 5663 1537 5728 April
1553 5665 1629 5715 1129.
