3982 6194
899 111 965 189 ΝΥ.
998 115 1081 189 158.

146 244 310 310 Hadrian
336 243 398 310 IV
412 244 563 309 bere'cletet
583 244 655 308 dem
680 241 828 326 Bisclrofe
849 266 909 308 von
931 243 1134 327 Angoulime,
1165 245 1243 309 dass
1265 245 1326 309 der
1347 245 1489 325 Be‘sckof
1503 266 1563 308 von
1586 245 1736 327 Limoges
1759 244 1828 307 und

146 335 213 399 der
226 333 293 397 Ate
312 356 375 398 von
390 334 542 416 Solzgnac
557 333 616 410 (D.
634 334 801 416 Limoges)
822 334 891 399 sicle
917 335 951 397 in
975 335 1048 398 dem
1065 332 1183 398 Stree'te
1197 335 1356 398 zwisalten
1378 334 1450 397 dem
1467 335 1567 398 Prior
1586 355 1646 398 von
1659 334 1825 417 Roncenay

146 423 222 487 und
235 421 398 504 Ar(nold)
413 424 453 486 de
472 421 582 486 Grada
606 444 715 506 weg-en
737 423 798 487 der
814 422 935 488 Kirclre
957 443 1018 487 von
1035 423 1116 486 Font
1135 422 1273 488 Cobrone
1286 424 1337 487 als
1353 422 1607 486 Sclriedsre‘cleter
1626 445 1666 487 zu
1685 422 1826 487 Grensten

147 513 209 576 des
224 523 369 577 ersteren
382 511 562 596 geurtleeilt
585 511 704 589 lechem
726 534 764 575 er
782 512 966 595 beauftragt
988 513 1054 590 ilen,
1077 512 1138 575 den
1153 511 1252 576 Prior
1271 514 1333 577 enit
1346 514 1406 576 der
1422 510 1543 576 Kirclee
1557 533 1597 575 zu
1619 512 1767 576 beleknen
1786 515 1824 590 ¹).

743 630 824 690 1155
832 625 1017 712 September
1032 632 1079 690 11.
1113 626 1244 691 Viterbo.

317 743 484 807 Adrianus
514 746 698 827 episcopus,
729 764 839 807 servus
868 762 1034 805 servorum
1064 745 1125 820 dei,
1149 744 1325 807 venerabili
1358 744 1462 818 fratri,
1496 743 1735 825 Engolismensi
1760 743 1826 824 epi·

152 852 260 914 scopo
279 832 314 916 ¹),
347 835 541 897 salutemet
569 833 787 914 apostolicam
817 832 1092 895 benedictionem.
1147 833 1426 907 Controversiam,
1463 853 1526 913 que
1558 835 1641 895 inter
1674 833 1827 894 dilectum

155 921 259 984 filium
293 935 457 998 nostrum,
487 924 630 1004 priorem
661 923 703 983 de
735 922 954 997 Ronciniaco,
986 930 1019 984 et
1048 918 1247 1005 Arlnoldol)
1278 923 1319 983 de
1350 920 1461 985 Gradu
1491 942 1589 1002 super
1619 922 1755 1007 ecclesia
1786 921 1828 982 de

157 1011 247 1073 sonte
281 1010 436 1074 Cobrone
467 1013 635 1074 retroactis
665 1011 868 1092 temporibus
897 1011 1098 1086 vertebatur,
1128 1012 1305 1074 venerabili
1337 1010 1424 1072 fratri
1457 1022 1569 1072 nostro
1601 1009 1827 1074 Lemovicensi

159 1101 319 1183 episcopo
337 1099 361 1184 8)
385 1111 419 1164 et
441 1101 554 1163 abbati
578 1100 846 1164 Sollemniacensi
863 1097 889 1184 ⁴)
912 1101 1133 1163 commisimus
1157 1101 1354 1163 audiendam
1377 1109 1418 1173 et,
1449 1100 1670 1180 appellatione
1695 1109 1827 1174 remota,

160 1189 222 1250 fine
245 1189 363 1252 debito
386 1190 633 1252 terminandam.
679 1190 827 1270 Utraque
850 1209 928 1252 vero
951 1199 1045 1270 parte
1076 1190 1108 1251 in
1141 1209 1253 1252 eorum
1286 1190 1450 1270 presentia
1482 1190 1667 1263 constituta,
1699 1208 1772 1250 cum
1796 1189 1828 1250 in

160 1279 259 1359 ipsius
276 1279 521 1342 examinatione
537 1279 664 1360 negocii
681 1280 771 1360 prior
786 1287 885 1341 testes
897 1278 993 1340 vellet
1009 1279 1147 1341 idoneos
1163 1290 1195 1341 et
1211 1277 1408 1340 sufficientes
1425 1278 1613 1358 producere,
1631 1284 1829 1340 memoratus

162 1363 373 1451 Adnoldusi)
405 1368 448 1430 ad
479 1377 623 1430 nostram
654 1368 853 1430 audientiam
886 1366 1073 1447 appellavit,
1104 1368 1162 1430 sed
1187 1369 1251 1429 iam
1276 1368 1353 1429 dicti
1379 1367 1508 1440 iudices,
1541 1368 1706 1447 utriusque
1729 1368 1830 1447 partis

163 1456 348 1518 racionibus
378 1457 497 1519 auditis
529 1467 562 1519 et
594 1457 749 1539 cognitiS,
789 1456 926 1519 testibus
960 1476 1107 1536 quoque,
1147 1458 1231 1519 sicut
1261 1477 1303 1518 ex
1334 1455 1447 1518 litteris
1478 1456 1657 1518 eorundem
1688 1456 1829 1517 iudicum

164 1545 334 1608 manifeste
357 1546 585 1627 comperimus,
610 1546 782 1627 diligenter
804 1546 999 1607 examinatis
1023 1557 1056 1608 et
1079 1565 1152 1607 cum
1176 1546 1357 1607 iuramento
1373 1546 1540 1626 susceptis,
1565 1545 1713 1626 predicto
1732 1544 1830 1625 priori

165 1634 296 1721 ecclesie
328 1635 551 1697 investituram
580 1635 814 1697 adiudicarunt.
869 1633 1039 1709 Ceterum,
1073 1636 1149 1714 quia
1186 1635 1273 1697 idem
1311 1635 1401 1714 prior
1431 1635 1577 1696 nondum
1608 1640 1657 1696 est
1688 1634 1729 1695 de
1760 1634 1831 1714 ipsa

12 1710 66 1809 f
166 1724 298 1786 ecclesia
338 1724 521 1799 investitus,
559 1723 751 1786 fraternitati
782 1733 836 1786 tue
866 1743 926 1804 per
953 1723 1136 1804 apostolica
1166 1725 1286 1804 scripta
1317 1722 1526 1796 mandamus,
1566 1724 1717 1803 quatinus
1750 1722 1831 1784 inira

10 1802 71 1895 ‘'2ss
166 1824 208 1874 xx
231 1813 303 1876 dies
331 1822 408 1894 post
439 1813 681 1895 susceptionem
708 1812 906 1894 presentium
932 1811 1109 1874 litterarum
1142 1813 1247 1893 ipsum
1280 1813 1421 1893 priorem
1454 1812 1495 1874 de
1527 1810 1653 1893 prelata
1686 1811 1830 1884 ecclesia,

58 1920 70 1927 ·
167 1903 350 1984 postposita
380 1903 469 1965 omni
501 1902 690 1978 occasione,
723 1903 885 1964 investias.
931 1896 966 1962 Si
996 1921 1074 1963 vero
1105 1901 1283 1982 presbiter,
1316 1902 1370 1981 qui
1403 1901 1434 1962 in
1467 1901 1582 1963 eadem
1615 1912 1664 1963 est
1695 1900 1832 1986 ecclesia

169 1992 367 2067 constitutus,
401 1992 530 2056 duxerit
561 1991 796 2054 contumaciter
819 1990 1035 2066 reluctandus,
1068 2010 1142 2052 eum
1166 1990 1208 2052 ab
1233 1989 1342 2051 officio
1373 1990 1565 2052 sacerdotali
1596 1989 1777 2071 suspendas
1800 1998 1832 2051 et

13 2142 28 2169 -.
47 2146 76 2177 ·.-
169 2080 195 2141 in
217 2080 290 2163 ipsa
314 2080 453 2143 ecclesia
476 2080 587 2143 divina
609 2079 719 2143 officia
742 2080 926 2142 interdicas.
949 2113 993 2124 —
1016 2080 1091 2144 Dat.
1114 2078 1251 2154 Viterbi,
1276 2095 1313 2139 111
1335 2078 1411 2141 Idus
1434 2074 1647 2160 Septembris.

322 2193 449 2257 Abscher'ft
464 2210 519 2242 vom
542 2196 572 2244 12
596 2194 690 2259 Jahrb,
710 2196 749 2243 des
769 2193 825 2242 Cod.
849 2192 925 2242 ottob.
946 2195 996 2241 687
1011 2200 1039 2256 p.
1061 2195 1100 2252 12,
1119 2193 1145 2242 in
1164 2193 1207 2241 der
1224 2192 1287 2241 Bibl.
1313 2191 1429 2240 Vaticana
1449 2208 1479 2239 ree
1498 2194 1565 2240 Rom.

321 2266 378 2315 Das
398 2265 468 2330 Jahr
484 2266 560 2315 dieser
580 2265 698 2315 Urkrmde
714 2267 746 2314 ist
761 2264 828 2314 nicht
844 2264 927 2324 richer,
945 2264 978 2314 sie
995 2264 1080 2313 kanna
1096 2265 1159 2314 nach
1178 2265 1230 2313 dem
1248 2266 1297 2312 mir
1313 2264 1347 2312 tis
1358 2264 1419 2328 jetrt
1441 2263 1609 2329 vorlitgmden
1628 2263 1753 2312 Materiale
1770 2263 1832 2310 orech

17 2294 74 2367 ἱ.-
173 2338 230 2386 1158
243 2336 357 2401 getam

907 2620 972 2694 Nr.
1005 2624 1090 2695 159.

170 2750 317 2816 Hadrian
334 2751 358 2815 I
365 2748 396 2815 V
415 2750 564 2834 bestdtigt
589 2751 662 2815 dem
687 2750 840 2832 Bisclzofe
861 2751 985 2816 Lotlear
1006 2730 1067 2815 bon
1093 2750 1227 2833 Anagni
1249 2752 1302 2815 die
1317 2751 1555 2815 Besitrtlnimer
1574 2753 1682 2815 sriner
1698 2750 1832 2826 Kirclee,

593 2839 712 2904 welche
733 2838 826 2904 erin
847 2839 1077 2923 apostolzscleen
1100 2840 1218 2904 Scleutz
1240 2842 1359 2904 nimmt
1373 2841 1408 2919 ⁵).

714 2957 797 3018 1155
813 2954 998 3039 September
1013 2959 1066 3019 30.
1100 2956 1277 3019 Ferentino.

322 3071 489 3137 Adrianus
518 3073 706 3155 episcopus,
736 3092 846 3135 servus
875 3093 1040 3135 servorum
1072 3072 1140 3147 dei,
1171 3072 1347 3135 venerabili
1379 3072 1465 3136 fratri
1489 3073 1632 3148 Lotario,
1656 3073 1833 3156 Anagnino

167 3163 332 3244 episcopo,
356 3163 490 3243 eiusque
512 3161 752 3226 successoribus
776 3163 932 3224 canonice
955 3162 1198 3243 promovendis,
1221 3175 1260 3224 IN
1283 3173 1359 3222 PPM.
1375 3197 1419 3207 —
1439 3159 1443 3245 1
1464 3162 1499 3224 In
1524 3163 1678 3225 eminenti
1702 3176 1833 3246 aposto·

165 3251 220 3337 lice
243 3251 335 3315 sedis
364 3251 506 3334 specula,
530 3251 726 3334 disponente
749 3249 894 3326 domino,
919 3252 1095 3327 constituti,
1120 3251 1234 3313 iratres
1259 3260 1388 3313 nostros
1411 3251 1595 3332 episcopos,
1619 3262 1686 3315 tam
1710 3255 1834 3316 vicinos

165 3360 261 3423 quam
292 3341 391 3423 longe
420 3341 562 3423 positos,
592 3340 725 3422 diligere
754 3348 787 3402 et
817 3339 977 3414 ecclesiis,
1016 3340 1133 3421 quibus
1166 3339 1302 3402 domino
1335 3340 1486 3422 militalre
1519 3349 1711 3417 noscuntur,
1741 3362 1834 3406 suam

165 3430 323 3494 debemus
346 3430 501 3493 iustitiam
528 3449 729 3493 conservare.
775 3429 970 3510 Eapropter,
994 3427 1189 3491 venerabilis
1219 3429 1252 3490 in
1283 3428 1412 3492 Christo
1445 3429 1542 3492 frater
1574 3431 1738 3513 episcope,
1773 3435 1834 3496 tuis

165 3519 252 3583 iustis
281 3519 559 3601 postulationibus
591 3518 767 3581 clementer
797 3519 980 3591 annuimus,
1012 3529 1045 3580 et
1075 3517 1171 3604 beate
1203 3517 1255 3579 dei
1286 3518 1451 3599 genitricis
1480 3538 1674 3601 semperque
1702 3523 1835 3604 virginis

165 3608 267 3693 Marie
298 3607 510 3692 Anagninam
545 3607 725 3682 ecclesiam,
758 3607 808 3669 cui
840 3607 904 3669 deo
935 3616 1067 3668 auctore
1098 3626 1229 3687 preesse
1260 3607 1453 3681 dinosceris,
1493 3608 1535 3669 ad
1568 3611 1736 3691 exemplar
1763 3632 1834 3693 pre·

165 3696 375 3761 decessorum
406 3706 606 3773 nostrorum,
637 3696 739 3759 felicis
771 3696 928 3758 memorie
958 3693 1152 3778 URBAN1l),
1183 3694 1376 3758 PAscflnLls
1410 3706 1442 3759 et
1474 3696 1619 3759 CAan
1638 3696 1662 3782 7)
1691 3701 1835 3776 secundi,

165 3780 416 3872 Ro[ma]norum
438 3786 641 3868 pontificum,
671 3785 732 3848 sub
757 3786 845 3847 beati
869 3785 954 3847 Petri
979 3793 1012 3846 et
1035 3795 1146 3846 nostra
1169 3786 1375 3865 protectione
1397 3786 1589 3867 suscipimus
1621 3798 1654 3850 et
1676 3792 1835 3869 presentis

165 3875 277 3957 scripti
309 3875 480 3958 privilegio
511 3874 758 3938 communimus.
813 3873 1010 3949 StatuenteS,
1044 3884 1078 3934 ut
1110 3893 1331 3954 quascumque
1361 3875 1602 3955 possessiones,
1632 3897 1836 3960 quecumque

165 3964 254 4028 bona
277 3963 397 4027 eadem
420 3964 557 4028 ecclesia
580 3965 613 4027 in
636 3963 871 4046 presentiarum
896 3964 978 4025 iuste
1002 3973 1034 4024 et
1061 3965 1219 4024 canonice
1246 3962 1394 4043 possidet
1425 3970 1481 4026 aut
1513 3964 1545 4026 in
1577 3965 1716 4029 futurum
1742 3970 1835 4031 ratio-

166 4052 331 4117 nabilibus
353 4053 460 4116 modis
482 4053 546 4116 deo
570 4053 715 4135 propitio
739 4052 861 4134 poterit
884 4051 1030 4132 adipisci,
1054 4050 1149 4113 firma
1171 4051 1231 4114 tibi
1256 4053 1384 4133 tuisque
1406 4054 1648 4117 successoribus
1664 4066 1696 4118 et
1712 4057 1837 4120 illibata

167 4152 392 4224 permaneant.
436 4142 473 4205 ln
496 4141 615 4223 quibus
642 4140 703 4228 hec
733 4141 875 4222 propriis
905 4140 1057 4202 duximus
1088 4141 1303 4222 exprimenda
1332 4141 1516 4205 vocabulis:
1557 4143 1662 4224 ipsam
1685 4146 1838 4210 videlicet

40 4280 54 4289 .
167 4230 342 4318 Anagnine
361 4229 389 4317 ει)
418 4231 589 4307 civitatem,
621 4230 782 4313 oppidum
812 4228 1017 4303 Anticulum,
1049 4229 1257 4305 Porcianum,
1288 4230 1447 4305 Acutum,
1480 4230 1623 4307 Pilleum,
1647 4234 1836 4310 Pullianum,

50 4366 60 4375 .
169 4319 504 4395 Vicummorricinum,
534 4318 753 4402 Carpinetam,
777 4317 977 4393 Recinetam,
1009 4318 1171 4393 Prunium,
1204 4320 1504 4401 Montemlongum,
1537 4320 1691 4403 Gorgam,
1715 4321 1837 4386 Villam

170 4428 332 4493 magnam,
363 4407 556 4484 Sculculam,
588 4407 778 4483 Vitalinum,
810 4407 974 4470 Murolum
1005 4417 1038 4470 et
1068 4408 1218 4470 Montem
1254 4408 1295 4470 de
1325 4410 1424 4489 gravi.
1476 4408 1674 4473 Trevensem
1706 4432 1838 4494 quoque

171 4500 340 4563 ecclesiam
363 4498 423 4562 tibi
445 4508 640 4581 tuorumque
669 4516 892 4560 successorum
916 4496 984 4572 iuri,
1008 4497 1090 4559 sicut
1113 4516 1132 4556 a
1164 4497 1282 4559 nostris
1306 4498 1565 4560 antecessoribus
1594 4510 1750 4563 statutum
1781 4514 1839 4576 est,

172 4598 329 4671 perpetua
351 4586 535 4651 firmatione
565 4587 787 4650 contradimus
819 4605 892 4648 cum
916 4585 1077 4658 omnibus,
1111 4605 1174 4666 que
1205 4586 1247 4648 ad
1276 4605 1348 4648 eam
1381 4588 1543 4667 pertinere
1575 4588 1657 4652 iuste
1679 4592 1838 4665 videntur,

173 4678 363 4760 municipiis,
386 4677 485 4739 idest
507 4674 778 4759 Vallepetrarum,
802 4675 959 4747 Filittino,
983 4675 1106 4748 Genne,
1138 4674 1230 4737 Colle
1254 4675 1363 4750 altulo,
1395 4686 1506 4737 monte
1529 4676 1698 4753 Antolino,
1728 4690 1839 4744 monte

171 4765 329 4831 Porcario.
375 4766 589 4830 Decernimus
612 4784 700 4848 ergo,
729 4775 765 4827 ut
788 4763 865 4826 nulli
890 4765 1025 4826 omnino
1050 4763 1221 4825 hominum
1245 4764 1349 4839 liceat,
1383 4764 1544 4846 prefatam
1573 4767 1743 4830 ecclesiam
1767 4816 1774 4830 .
1798 4817 1806 4831 .
1831 4817 1838 4832 .

374 4901 592 4910 -—-.—.—..---

140 4991 141 4995 =
328 4959 354 5023 a)
372 4957 508 5026 Rieitiger:
525 4961 689 5026 Anagninam.
718 4999 739 5004 ..
756 4998 761 5003 .
781 4960 816 5019 ·¹l
841 4957 917 5024 Vergl.
943 4957 981 5007 die
1003 4956 1062 5007 Urk.
1081 4972 1135 5005 vom
1159 4959 1188 5005 12
1208 4956 1304 5020 Arrgvst
1324 4957 1394 5004 115³.
1481 4972 1507 5010 αι
1528 4959 1602 5025 Hugo
1619 4961 1647 5010 de
1665 4965 1690 5012 la
1708 4963 1841 5028 Roelesorr-

174 5033 248 5092 could,
274 5031 381 5097 Be‘sehes
398 5046 447 5082 von
463 5029 652 5099 Angorrlimm.
673 5030 810 5079 itta-c.
834 5033 907 5080 115⁹.
990 5042 1017 5093 3¹
1040 5029 1133 5078 Gerald
1149 5028 1177 5076 de
1198 5027 1265 5084 caer,
1293 5026 1395 5091 Brittios
1413 5042 1460 5075 von
1479 5031 1595 5097 Limoger,
1619 5049 1639 5082 c.
1659 5037 1842 5086 rtet-rtet.

173 5112 196 5167 4)
216 5103 364 5163 Geraldll',
382 5104 613 5169 AbtvonSolr'gme,
632 5103 751 5152 ὖίεῙῙόἲ.
809 5104 836 5167 5)
860 5100 935 5166 Vergl.
947 5101 984 5149 die
995 5100 1055 5150 Ure.
1063 5115 1118 5148 voert
1128 5099 1301 5162 atSepeember
1316 5103 1325 5145 1
1332 5102 1387 5146 llil.
1443 5101 1470 5161 6)
1485 5103 1544 5152 Ure.
1553 5119 1608 5153 vom
1618 5106 1651 5153 23
1659 5108 1756 5172 August
1765 5108 1842 5158 1088.

175 5178 196 5240 7)
213 5178 282 5227 Dass
298 5174 413 5243 ribeigem
434 5175 462 5224 in
485 5176 528 5224 der
554 5176 643 5240 laergere
662 5171 828 5222 Zwiscltenrer't
844 5188 890 5220 ven
907 5172 988 5221 Calixt
1004 5172 1035 5220 ΙΙ
1047 5172 1081 5219 bis
1099 5173 1150 5237 auf
1164 5171 1279 5220 Hadrian
1298 5169 1341 5217 IV
1353 5171 1484 5234 papstttctu
1503 5175 1649 5240 Privilegien
1671 5179 1758 5243 ersotgt
1777 5178 1842 5238 sind,

173 5248 253 5314 eegrbbt
268 5247 320 5299 rich
338 5264 359 5296 z.
377 5246 410 5297 B.
428 5262 475 5296 ares
486 5245 515 5297 F.
525 5245 620 5311 ymno,
639 5243 726 5294 [storia
743 5242 869 5308 d'Aeragni
879 5251 907 5307 p.
921 5244 986 5292 107:
1008 5243 1120 5292 Celestiew
1138 5244 1172 5303 II,
1191 5241 1276 5290 benetie
1288 5248 1349 5304 pero
1365 5242 1455 5290 vivesse
1472 5248 1516 5294 nel
1525 5247 1671 5310 pontificato,
1690 5245 1777 5298 neostri
1794 5266 1843 5300 nan

174 5320 261 5371 diram
277 5322 305 5369 Ia
323 5334 370 5370 sua
385 5317 539 5384 prepemr'ene
554 5332 622 5367 verso
639 5322 722 5382 qreesta
740 5315 816 5364 chiesa
833 5315 1047 5378 epersonatmmte
1069 5312 1260 5373 visitandolalty,
1289 5313 1310 5360 te
1328 5327 1432 5362 concesse
1454 5317 1537 5366 alrun'
1554 5316 1668 5368 esmsiom'
1690 5325 1729 5375 (ex
1746 5320 1842 5389 Brettii).

219 5426 241 5457 e.
253 5413 548 5465 Priuer-nesteros,
562 5412 620 5454 Acte
633 5410 675 5453 111.
1598 5411 1630 5449 22

1897 5396 1936 5488 t
