3982 6194
1789 260 1826 324 61

318 440 363 490 Or.
385 442 463 508 Pcrg,
482 440 543 502 r'taL,
568 443 603 493 br.
624 445 693 503 OM,
718 445 779 508 lang
796 444 864 503 OM,
888 452 963 493 unten
981 446 1042 504 0,02
1059 446 1253 511 umgescilogen,
1282 445 1361 495 dranci
1383 444 1441 494 awti
1462 446 1554 495 Lictcr
1574 445 1632 512 geht
1653 445 1691 495 die
1709 463 1763 497 rosa
1781 449 1836 497 und

149 515 213 580 gelbo
231 511 418 572 Sndemchnur,
437 515 509 564 deren
527 514 651 581 Blenigel
665 517 781 565 verloren.
819 515 926 581 Faltnng
943 517 986 566 der
1003 518 1098 566 Bullen.
1137 517 1246 566 Initiole:
1274 518 1372 566 bernacer
1390 519 1411 566 L
1431 517 1475 567 mit
1491 514 1645 583 eingeselztnn
1664 518 1697 567 im
1716 520 1831 569 vorderen

153 587 235 651 Bogen
252 586 366 634 &tentem
384 585 414 636 U.
452 585 483 634 In
509 587 553 635 der
575 595 652 636 ersten
670 587 732 637 Zeile
748 587 779 635 ist
804 587 949 636 nanumlich
969 605 1043 654 gegen
1061 590 1132 638 Ende
1157 588 1263 637 n‘rmliclz
1281 590 1348 637 stark
1374 590 1506 638 abbreviirt.
1544 590 1592 637 Dic
1610 591 1759 640 Buclrstaben
1786 606 1833 640 von

154 659 196 706 der
207 658 310 706 Adrcsse
327 658 371 706 der
388 656 483 706 menen
496 657 558 707 Zeilc
574 660 633 707 sind
648 659 713 708 dicit
729 675 865 708 nesanrmen
880 667 965 724 gesetst
981 661 1036 708 und
1050 662 1117 709 stark
1134 661 1192 710 iiber
1208 661 1329 725 halblong,
1349 662 1386 709 dic
1403 662 1558 727 Vernoigung
1573 660 1627 709 tn'tt
1635 663 1693 727 sust
1710 679 1761 711 nan
1776 663 1833 727 imJ

152 730 247 789 teron,
267 729 315 778 Nr.
335 731 352 777 4
375 729 425 792 J⁰¹¹
446 729 502 789 lau,
514 731 583 794 still!
600 732 687 790 0,024.
725 731 773 780 Die
791 731 885 796 Scin'st
906 732 946 779 des
964 733 1117 796 Komcriptcs
1138 733 1169 781 ist
1192 733 1283 781 kleiner
1299 733 1354 780 rrnd
1375 732 1496 782 zierlicinr
1516 735 1554 781 als
1567 733 1719 798 gewihnlici
1737 734 1773 782 die
1791 734 1835 782 der

154 801 335 860 Lmimbullen,
361 800 392 848 ist
413 801 440 848 in
465 802 511 850 den
536 801 631 851 Wortm
654 819 701 867 eng
721 803 984 868 susomnmgedrdngt.
1020 805 1068 853 Die
1086 803 1226 870 Majuskcln
1248 805 1308 852 sind
1326 806 1402 853 belant
1417 805 1474 853 und
1488 805 1605 854 bisweilen
1629 807 1735 864 verziert,
1760 807 1833 869 dieg

154 874 229 922 iubete
256 872 408 922 Holssm‘clu
433 873 488 921 und
512 873 713 938 Schleisnndttel,
741 875 778 924 die
796 875 807 924 f
823 875 1080 939 schuppemclnorkn,
1105 877 1249 925 Zcilenwcite
1273 877 1340 925 stark
1366 879 1453 934 0,016.
1498 878 1575 925 Arnen
1601 877 1648 929 Nr.
1671 876 1735 927 3x².
1772 879 1834 925 Rota

154 945 201 994 Nr.
222 947 244 1004 1,
263 945 297 992 im
317 944 493 993 Dnrchmesser
510 947 596 1006 0,052,
621 962 669 994 vna
686 947 730 994 der
753 948 832 995 letzim
851 947 913 996 Zn'le
932 949 1019 1006 0903.
1058 947 1227 1012 nnnogramn
1246 948 1292 996 Nr.
1317 948 1533 1007 1⁸,110cl10,045,
1558 949 1617 997 breit
1635 950 1720 1007 0‚033.
1758 949 1834 1013 iling-

154 1018 233 1073 kmn,
254 1017 313 1079 Ego
332 1015 388 1065 und
402 1031 428 1064 ss
449 1016 543 1065 ko'nm
567 1033 614 1065 vota
638 1019 769 1067 dnnklerer
786 1019 861 1067 Dinle
883 1018 1024 1079 herriihrnt,
1051 1022 1088 1068 als
1109 1020 1247 1084 Umsrlrrift
1262 1020 1318 1068 und
1339 1020 1421 1086 iibnge
1442 1020 1618 1084 Unterscltrist,·
1643 1021 1703 1068 dicre
1720 1021 1776 1068 und
1797 1020 1835 1068 dic

155 1090 286 1153 Datiramg
301 1103 349 1135 von
368 1088 412 1135 der
429 1088 504 1137 Dinte
521 1089 561 1137 des
577 1089 765 1153 Hauptkirpers.
803 1090 908 1139 Batonis
932 1090 1000 1139 kann
1019 1091 1096 1155 gleirt
1119 1091 1308 1156 nidgesclrrieben
1332 1092 1390 1140 sein.
1432 1093 1481 1139 Von
1499 1092 1546 1140 den
1564 1091 1657 1157 chgen
1679 1092 1739 1140 steht
1757 1092 1833 1155 Hugo

155 1159 287 1224 presbyter
304 1159 370 1207 dicii
386 1167 459 1208 nntcr
481 1161 578 1209 Aribert
590 1161 725 1226 gcklemmt,
750 1161 862 1210 dahintrr
879 1162 993 1211 aruisrken
1016 1163 1096 1212 beiden
1120 1164 1200 1212 laelius
1218 1165 1243 1212 S.
1263 1162 1382 1222 Marcelli,
1408 1163 1434 1211 in
1452 1164 1496 1212 der
1513 1163 1693 1226 Bisthossreiln,
1717 1165 1833 1230 affinior,

155 1232 210 1281 ποεῖ]
224 1231 341 1280 noischm
359 1231 433 1296 Hugo
459 1232 515 1279 rond
533 1233 621 1296 Julius
645 1233 711 1281 nsit
733 1233 891 1282 nrmeicktnd
909 1235 977 1283 Plora
1002 1251 1064 1284 war.
1107 1235 1156 1284 Von
1184 1236 1229 1284 dcn
1247 1235 1375 1284 Diakonen
1397 1235 1457 1284 steht
1482 1235 1562 1283 Gnido
1585 1235 1611 1282 in
1635 1236 1677 1283 der
1698 1234 1771 1283 Mitte
1795 1235 1835 1283 des

157 1305 319 1368 Perganrmts,
341 1320 406 1368 gana
427 1318 472 1351 vor
489 1303 541 1352 dnn
560 1303 738 1370 Monogrannn,
765 1306 850 1355 Petne
867 1306 922 1354 weit
939 1305 1007 1356 nrclrr
1024 1306 1087 1356 arach
1106 1307 1189 1366 reclus,
1214 1308 1239 1355 in
1258 1308 1301 1355 der
1318 1307 1390 1356 Hane
1408 1308 1447 1357 des
1466 1306 1655 1372 lifonogramnrs.
1692 1307 1741 1356 Dic
1760 1307 1835 1368 Quer-

154 1375 272 1440 liniirung
289 1375 347 1441 gei!
360 1374 509 1441 gnootnoct
528 1374 586 1425 noer
603 1377 640 1426 die
658 1377 809 1428 Seitcnlinien
828 1393 884 1443 weg.

915 1663 981 1737 Nr.
1014 1666 1074 1738 60.

157 1816 280 1880 Lucius
297 1815 343 1879 II
360 1813 512 1895 bestiittgt
532 1814 593 1878 der
605 1812 768 1878 Aebtz'ssin
794 1812 902 1898 Agnes
924 1836 986 1878 von
1008 1814 1080 1878 Son
1103 1814 1179 1878 Siro
1201 1814 1240 1877 di
1261 1815 1421 1878 Pincenaa
1443 1815 1497 1879 die
1514 1815 1751 1879 Besitatln'irncr
1770 1816 1838 1880 rtrto'

411 1902 528 1967 Rechte
543 1904 630 1969 ihres
647 1903 803 1984 Klosters,
827 1904 964 1969 welches
978 1925 1016 1967 er
1031 1905 1067 1968 in
1083 1901 1313 1988 apostolrsclzen
1329 1904 1447 1968 Schnta
1462 1905 1585 1969 nnnmt.

764 2040 847 2101 1144
870 2036 1002 2103 October
1016 2041 1046 2101 8.
1084 2038 1234 2101 Lateran.

317 2172 439 2235 Lucius
471 2171 662 2255 episcopus,
700 2191 813 2236 servus
842 2193 1012 2237 servorum
1043 2172 1112 2247 dei,
1152 2172 1280 2236 dilectis
1318 2174 1351 2236 in
1384 2171 1513 2236 Christo
1546 2172 1674 2236 filiabus
1704 2173 1835 2255 Agneti,

157 2263 327 2326 abbatisse
351 2261 538 2324 monasterii
568 2261 671 2324 sancti
694 2258 764 2335 Siri,
795 2262 886 2342 quod
917 2262 1008 2326 iuxta
1031 2261 1252 2326 Placentinam
1284 2263 1450 2325 civitatem
1481 2263 1579 2325 situm
1611 2271 1669 2338 est,
1701 2264 1836 2343 eiusque

156 2352 334 2426 sororibus,
358 2360 426 2413 tam
442 2350 646 2432 presentibus
662 2370 761 2430 quam
778 2351 902 2427 futuris,
927 2353 1115 2434 regulariter
1130 2350 1365 2415 substituendis
1381 2365 1419 2415 ΙΝ
1434 2363 1512 2415 PPM.
1528 2387 1572 2398 -
1593 2349 1597 2437 l
1618 2352 1835 2427 Desiderium,

158 2443 246 2523 quod
272 2442 318 2503 ad
343 2440 507 2522 religionis
531 2439 737 2524 propositum
771 2449 804 2504 et
827 2442 1005 2505 animarum
1034 2441 1170 2504 salutem
1202 2444 1367 2524 pertinere
1398 2450 1605 2519 monstratur,
1636 2442 1744 2505 animo
1776 2461 1836 2504 nos

159 2534 255 2594 decet
278 2529 390 2593 libenti
413 2529 595 2592 concedere
620 2538 653 2593 et
676 2532 858 2612 petentium
883 2531 1053 2595 desideriis
1081 2551 1261 2613 congruum
1294 2532 1500 2614 impertiris)
1533 2530 1729 2613 suffragium.
1775 2529 1835 2593 Ea·

160 2628 305 2703 propter,
339 2618 458 2705 dilecte
488 2620 519 2681 in
550 2620 686 2682 domino
718 2619 793 2706 filie,
824 2622 1062 2684 vestris·iustis
1086 2620 1363 2703 postulationibus
1390 2619 1569 2684 clementer
1592 2617 1775 2708 anlnuimus
1795 2617 1835 2700 b),

160 2719 189 2773 et
212 2709 380 2792 prefatum
406 2709 646 2783 monasterium,
676 2709 707 2770 in
738 2728 805 2789 quo
836 2710 945 2772 divino
978 2712 1162 2791 mancipate
1190 2710 1266 2773 estis
1290 2709 1460 2789 obsequi0,
1490 2709 1558 2772 sub·
1584 2709 1672 2773 beati
1695 2710 1780 2772 Petri
1803 2718 1836 2772 et

161 2807 271 2862 nostra
295 2798 501 2880 protectione
524 2798 717 2880 suscipimus
748 2807 781 2861 et
804 2801 964 2882 presentis
995 2800 1108 2881 scripti
1142 2798 1312 2881 privilegio
1345 2801 1592 2862 communimus.
1638 2796 1835 2874 Statuentes‚

161 2898 192 2952 ut
216 2908 444 2971 quascumque
467 2889 702 2971 possessiones,
725 2909 932 2970 quecumque
956 2888 1043 2952 bona
1067 2890 1154 2951 idem
1179 2891 1413 2951 monasterium
1437 2889 1467 2951 in
1491 2890 1727 2970 presentiarum
1752 2890 1836 2952 iuste

162 2987 190 3041 et
213 2980 376 3041 canonice
399 2977 555 3059 possidet,
578 2986 634 3039 aut
658 2978 689 3039 in
714 2975 856 3041 futurum
881 2979 1093 3041 concessione
1117 2978 1317 3059 pontificum,
1341 2979 1514 3060 largitione
1538 2998 1650 3059 regum
1675 2979 1727 3041 vel
1751 2980 1836 3059 prin-

162 3070 280 3150 cipum,
312 3067 481 3131 oblatione
511 3066 655 3129 fidelium
686 3086 743 3130 seu
776 3066 844 3130 aliis
877 3070 967 3131 iustis
1000 3068 1108 3130 modis
1140 3068 1204 3130 deo
1236 3068 1380 3150 propitio
1412 3068 1534 3150 poterit
1564 3068 1711 3150 adipisci,
1743 3066 1836 3129 firma

161 3157 252 3220 vobis
285 3164 319 3221 et
351 3157 421 3220 aliis
452 3156 640 3237 regulariter
672 3156 923 3219 succedentibus
954 3165 987 3221 et
1017 3156 1141 3219 illibata
1172 3165 1394 3239 permaneant.
1447 3155 1619 3220 Sancimus
1650 3159 1766 3231 etiam,
1802 3165 1838 3219 ut

161 3247 361 3322 sacerdotes,
384 3254 452 3308 tam
476 3253 645 3328 presentes
669 3264 766 3325 quarn
790 3245 896 3323 futuri,
921 3248 976 3327 qui
1000 3247 1032 3308 in
1056 3246 1192 3309 ecclesia
1215 3255 1325 3333 sancte
1343 3247 1446 3333 Marie
1461 3246 1658 3333 Magdalene
1678 3245 1837 3320 habitant,

160 3336 366 3412 beneficium,
398 3335 488 3417 quod
513 3336 615 3399 modo
638 3334 681 3398 ab
705 3335 798 3398 altari
821 3336 922 3398 sancti
946 3334 1009 3398 Siri
1033 3334 1155 3399 habent
1178 3335 1230 3399 vel
1253 3336 1284 3398 in
1307 3344 1403 3399 antea
1430 3336 1495 3399 deo
1527 3338 1671 3418 propitio
1695 3335 1836 3399 habituri

162 3434 246 3500 sunt,
269 3445 403 3508 semper
421 3421 449 3508 c)
472 3425 572 3488 abeo
589 3423 754 3488 humiliter
769 3433 1007 3507 recognoscant
1023 3434 1056 3488 et
1072 3427 1116 3489 ob
1133 3424 1198 3487 hoc
1214 3427 1278 3488 deo
1295 3435 1328 3488 et
1350 3426 1507 3507 predictis
1529 3425 1838 3502 sanctimonialibus,

162 3517 205 3579 ibi
230 3514 363 3580 Christo
386 3514 625 3588 famulantibus,
649 3516 770 3578 devote
793 3522 826 3578 et
850 3513 1025 3577 honorifice
1050 3515 1241 3590 deserviant,
1275 3515 1475 3590 itascilicet,
1505 3523 1540 3577 ut
1562 3515 1698 3597 singulis
1720 3514 1838 3578 diebus

163 3626 222 3689 per
245 3611 354 3668 totum
385 3624 503 3666 annum
532 3598 654 3691 uniam]
686 3604 817 3667 missam
848 3606 879 3666 in
911 3605 1052 3668 cenobio
1085 3606 1189 3667 sancti
1213 3603 1272 3667 Siri
1304 3603 1479 3667 celebrent.
1525 3605 1561 3667 In
1586 3605 1838 3686 quadragesima

162 3716 241 3759 vero
258 3690 398 3780 Ma[rcii]
423 3692 512 3768 duas,
535 3714 633 3756 unam
658 3714 718 3775 pro
743 3694 917 3768 defunctis,
940 3694 1076 3757 alteram
1101 3695 1143 3757 de
1159 3692 1248 3768 feria,
1271 3695 1303 3756 in
1319 3696 1434 3757 decem
1451 3713 1585 3776 quoque
1601 3693 1838 3769 festivitatibus,

163 3783 318 3847 videlicet
346 3783 378 3845 in
409 3784 577 3846 nativitate
607 3782 739 3858 domini,
770 3785 803 3846 in
828 3782 1017 3865 epiphania,
1049 3785 1080 3845 in
1111 3785 1209 3846 ramis
1240 3782 1437 3864 palmarum,
1468 3784 1500 3846 in
1530 3783 1775 3858 resurrectione,
1806 3784 1837 3846 in

163 3874 363 3949 ascensione,
396 3874 428 3934 in
459 3879 695 3954 pentecostem,
727 3875 760 3935 in
791 3871 920 3936 duabus
953 3872 1180 3935 festivitatibus
1205 3872 1292 3936 beati
1312 3872 1340 3954 d)
1364 3870 1448 3953 Syri,
1479 3875 1512 3935 in
1543 3882 1656 3936 sancta
1679 3874 1784 3937 Maria
1806 3875 1838 3935 in

165 3961 363 4046 Aug(usta),
399 3963 430 4024 in
464 3963 610 4024 omnium
641 3969 846 4037 sanctorum,
877 3982 950 4025 cum
984 3961 1137 4046 predictis
1169 3962 1472 4025 sanctimonialibus
1504 3964 1535 4025 in
1568 3962 1707 4026 ecclesia
1736 3965 1838 4025 sancti

165 4054 228 4117 Siri
252 4051 417 4115 matutinis
441 4050 554 4114 officiis
577 4051 700 4113 intersit
722 4051 775 4114 ille
798 4053 960 4127 sacerdos,
985 4053 1040 4131 qui
1065 4051 1318 4114 ebdomadarius
1342 4060 1400 4114 est.
1447 4053 1588 4116 Predicti
1612 4053 1710 4115 etiam
1734 4072 1839 4115 sacer·

165 4144 262 4205 dotes
289 4140 487 4223 sepeliendis
517 4142 550 4204 in
573 4141 801 4223 prenominato
825 4143 1023 4204 monasterio
1048 4140 1240 4222 corporibus
1264 4144 1420 4223 exequias
1444 4150 1630 4204 reverenter
1653 4140 1838 4205 exhibeant.

165 4228 332 4313 Septimis,
364 4230 543 4306 tricesimis,
572 4231 797 4292 anniversariis
822 4248 954 4311 quoque
979 4238 1147 4312 presentes
1171 4231 1288 4305 adsint,
1318 4231 1424 4294 donec
1455 4231 1661 4294 sacerdotale
1694 4230 1837 4294 officium

165 4320 241 4384 inibi
266 4319 446 4401 perficiant.
492 4320 545 4382 De
575 4319 735 4382 electione
757 4339 836 4383 vero
867 4322 1076 4384 sacerdotum
1107 4319 1152 4382 sic
1184 4321 1371 4394 statuimus,
1404 4328 1438 4382 ut
1468 4321 1635 4384 abbatissa
1670 4342 1744 4384 cum
1773 4321 1839 4383 suis

166 4410 335 4473 sororibus
359 4411 448 4491 prius
470 4409 501 4472 in
525 4409 734 4472 sacerdotum
765 4408 924 4472 electione
957 4409 1129 4472 conveniat
1159 4416 1192 4472 et
1222 4429 1380 4491 personas
1411 4408 1515 4473 bonas
1548 4419 1581 4473 et
1611 4410 1766 4473 honestas
1796 4410 1838 4473 ad

165 4500 328 4564 honorem
352 4500 406 4562 dei
431 4506 464 4561 et
487 4497 575 4562 beati
591 4496 666 4579 Syri
689 4500 816 4562 sincere
839 4497 959 4580 eligere
981 4499 1121 4574 studeat,
1145 4498 1267 4562 electos
1291 4507 1399 4561 autem
1423 4501 1583 4582 episcopo
1607 4507 1640 4562 et
1663 4502 1839 4576 canonicis,

163 4594 205 4655 ad
229 4610 370 4671 quorum
394 4591 443 4651 ius
459 4588 623 4670 prefatum
645 4590 877 4651 monasterium
894 4590 1058 4676 pertinere
1075 4589 1262 4665 dinoscitur,
1287 4596 1498 4670 representet,
1521 4609 1660 4668 quorum
1678 4609 1839 4653 consensu

164 4702 222 4745 eos
245 4680 426 4760 suscipiant
449 4686 481 4740 et
505 4679 567 4760 ipsi
590 4677 633 4740 ad
656 4676 816 4740 honorem
840 4679 903 4754 dei,
926 4677 1008 4740 sicut
1031 4698 1129 4760 supra
1152 4677 1406 4741 determinatum
1428 4686 1486 4754 est,
1511 4681 1711 4742 monasterio
1734 4681 1839 4742 sancti

163 4769 240 4851 Syri
263 4770 385 4832 devote
408 4768 557 4831 serviant.
604 4765 778 4830 Adicimus
801 4767 907 4841 etiam,
932 4775 967 4830 ut
990 4769 1023 4830 in
1046 4768 1255 4830 sacerdotum
1280 4766 1456 4842 beneficiis
1480 4787 1545 4848 que
1569 4788 1653 4831 nunc
1670 4769 1840 4850 possident

163 4860 216 4924 vel
238 4861 270 4922 in
293 4858 446 4932 futurum,
469 4863 638 4938 prestante
653 4855 795 4930 domino,
820 4857 958 4939 adipisci
979 4859 1124 4939 poterint
1143 4860 1180 4934 e),
1205 4857 1325 4920 nullam
1350 4857 1555 4920 exactionem
1578 4858 1840 4921 sanctimoniales

163 4950 271 5013 facere
295 4953 492 5031 presumant.
538 4945 753 5009 Decernimus
777 4966 865 5029 erg0,
896 4956 931 5008 ut
954 4946 1030 5009 nulli
1055 4947 1188 5009 omnino
1212 4945 1382 5009 hominum
1406 4946 1508 5021 liceat,
1540 4947 1702 5028 prefatum
1728 4968 1841 5010 mona·

162 5041 298 5102 sterium
323 5043 447 5099 temere
471 5034 672 5117 perturbare,
705 5043 761 5098 aut
784 5038 852 5099 eius
877 5036 1100 5117 possessiones
1124 5036 1257 5110 auferre,
1287 5036 1339 5098 vel
1362 5035 1489 5099 ablatas
1513 5037 1662 5111 retinere,
1694 5039 1840 5100 minuere

163 5137 219 5192 aut
241 5126 403 5210 aliquibus
427 5125 654 5188 vexationibus
677 5124 823 5207 fatigare,
847 5132 898 5187 set
921 5125 1030 5188 omnia
1054 5127 1180 5206 integra
1203 5133 1436 5187 conserventur
1464 5145 1584 5201 earum,
1618 5145 1679 5207 pro
1703 5146 1840 5207 quarum

163 5218 401 5300 gubernatione
426 5222 459 5278 et
485 5215 719 5278 sustentatione
751 5234 906 5278 concessa
935 5222 1018 5290 sunt,
1050 5214 1161 5277 usibus
1192 5216 1392 5277 omnimodis
1424 5214 1602 5297 profutura,
1635 5214 1723 5278 salva
1754 5216 1840 5279 sedis

162 5306 347 5390 apostolice
378 5306 574 5368 auctoritate
605 5312 639 5367 et
662 5302 838 5367 Placentini
868 5303 1014 5386 episcopi
1046 5312 1080 5367 et
1107 5302 1241 5366 fratrum
1273 5324 1406 5367 suorum
1438 5305 1595 5368 canonica
1626 5305 1753 5368 iustitia
1805 5302 1840 5368 Si

163 5419 228 5479 qua
251 5398 349 5480 igitur
372 5396 405 5458 in
421 5393 563 5457 futurum
580 5393 801 5457 ecclesiastica
822 5393 1018 5457 secularisve
1034 5414 1184 5476 persona,
1207 5393 1290 5456 hanc
1306 5400 1416 5458 nostre
1432 5395 1671 5459 constitutionis
1687 5397 1839 5477 paginam

323 5592 350 5650 a)
372 5589 465 5640 Hister
485 5590 537 5640 dem
562 5591 643 5640 letaten
661 5589 669 5639 i
687 5588 762 5639 kleine
779 5590 863 5638 Rasin
968 5590 994 5654 b)
1013 5589 1092 5638 buter
1116 5589 1170 5638 dem
1188 5596 1264 5639 ersten
1281 5604 1298 5636 n
1316 5591 1400 5638 Rasur
1417 5589 1504 5640 eimsl
1620 5592 1645 5655 c)
1664 5589 1778 5640 nebeten
1796 5590 1841 5641 deu

165 5665 315 5733 Oberldngm
331 5663 377 5713 der
393 5661 474 5714 beiden
492 5662 504 5712 f
519 5665 604 5712 Rosur
671 5661 701 5729 d)
721 5662 771 5711 eati
788 5661 840 5727 ans
852 5662 936 5710 Rasur
1006 5664 1032 5730 e)
1049 5662 1083 5709 im
1102 5662 1182 5711 letaten
1201 5669 1210 5711 t
1227 5660 1349 5728 korrigirt.
