3982 6194
114 5710 128 5807 l
164 5772 172 5793 r

225 250 244 318 0

224 441 390 526 privilegia
413 441 571 505 ecclesiae
595 450 722 504 vestrae
746 438 788 504 de
811 437 917 517 rebus,
947 462 1032 523 quae
1061 450 1221 525 perpetue
1245 436 1408 522 pertinent
1431 432 1473 501 ad
1507 433 1729 521 praebendam
1763 431 1897 503 fratrum

224 540 257 594 et
280 531 440 605 salarium,
464 531 598 612 dignum
623 531 785 605 duximuS,
815 532 964 613 petitioni
987 531 1184 594 satisfacere.
1230 526 1468 592 Confirmamus
1500 528 1644 610 denique
1674 536 1785 591 nostra
1815 549 1897 611 apo·

223 620 338 683 stolica
369 621 562 682 auctoritate
591 619 686 682 vobis
717 622 845 682 tertiam
878 629 1005 702 partem
1038 629 1189 683 monetae
1219 628 1345 681 vestrae
1379 618 1477 692 urbiS,
1509 636 1607 698 quam
1638 618 1731 680 vobis
1761 616 1901 682 contulit

224 708 323 792 Hugo
347 707 622 791 archiepiscopus,
655 716 688 771 et
716 707 900 773 libertatem
924 708 1011 773 illam
1036 710 1078 772 de
1101 709 1255 772 domibus
1278 708 1401 783 vestris,
1431 713 1615 787 quaesunt
1639 706 1721 770 infra
1753 709 1900 771 exterius

223 799 409 874 claustrum,
434 806 468 860 ut
491 799 685 877 cuicumque
708 798 908 861 tradideritis
931 800 983 862 vel
1005 799 1188 872 vendendo,
1212 796 1264 860 vel
1288 797 1531 870 commutando,
1554 797 1622 858 sive
1638 797 1749 860 dando
1772 805 1898 860 tantum

224 889 370 951 eiusdem
395 885 552 949 ecclesiae
576 889 744 962 canonico,
769 888 904 951 licenter
927 886 1048 951 habeat
1070 890 1142 951 sine
1158 887 1419 949 contradictione
1435 883 1673 967 archiepiscopi
1689 894 1746 949 aut
1761 884 1898 949 alicuius

224 996 393 1060 personae.
426 973 461 1038 Si
485 995 564 1039 vero
588 977 740 1039 intestata
764 979 963 1053 remanserit,
986 978 1026 1039 sit
1050 978 1081 1038 in
1099 983 1263 1059 potestate
1278 975 1393 1038 decani
1410 976 1512 1037 sancti
1530 973 1660 1036 loannis
1676 974 1900 1056 evangelistae

224 1074 258 1129 et
292 1064 444 1139 fratrum,
484 1064 684 1128 conferenda
722 1067 915 1145 cuicumque
945 1067 988 1129 ad
1027 1066 1197 1128 utilitatem
1237 1063 1393 1127 ecclesiae
1422 1065 1562 1126 viderint
1594 1083 1666 1126 esse
1708 1067 1900 1140 necessaria,

224 1154 408 1218 molendina
432 1154 538 1228 etiam,
564 1156 672 1216 vinum
698 1154 780 1217 infra
802 1155 938 1218 insulam
963 1156 1059 1231 urbis,
1083 1175 1148 1238 que
1169 1158 1196 1234 ³)
1220 1154 1336 1216 dicitur
1359 1152 1451 1236 Ripa,
1482 1152 1569 1216 aliud
1594 1161 1688 1215 extra
1711 1172 1775 1216 non
1799 1152 1899 1236 longe

225 1246 256 1306 in
287 1245 386 1318 fonte,
423 1246 478 1326 qui
511 1250 647 1306 vocatur
677 1245 807 1318 Batem‚
840 1245 949 1308 villam
979 1245 1144 1308 Poliacum
1177 1264 1250 1306 curn
1284 1241 1422 1306 ecclesia
1451 1242 1554 1305 sancti
1577 1240 1689 1304 Albini
1720 1251 1753 1305 et
1783 1263 1899 1306 manso

224 1334 467 1407 indominicato,
498 1335 591 1394 terris
616 1332 709 1395 cultis
733 1342 766 1396 et
789 1333 933 1410 incultis,
965 1335 1076 1410 vineis,
1108 1335 1216 1417 pratis,
1247 1333 1385 1415 pascuis,
1416 1331 1523 1412 sylvis,
1554 1332 1665 1406 servis,
1697 1330 1831 1406 ancillis,
1854 1333 1898 1395 ad

224 1423 345 1485 dictam
376 1421 483 1484 villam
515 1422 760 1503 pertinentibus,
790 1422 896 1485 villam
929 1424 1030 1486 sancti
1060 1422 1128 1485 Viti
1158 1443 1231 1485 cum
1263 1421 1401 1484 ecclesia
1437 1429 1470 1483 et
1502 1420 1654 1482 omnibus
1686 1422 1900 1502 appendiciis,

224 1510 394 1573 ecclesiam
418 1510 449 1573 in
475 1508 637 1573 Marciaco
662 1513 693 1573 in
718 1510 843 1574 honore
867 1513 955 1575 beati
979 1511 1110 1575 Martini
1135 1532 1208 1574 cum
1233 1511 1370 1573 decimis
1394 1518 1427 1573 et
1455 1509 1608 1572 omnibus
1639 1510 1840 1591 appendiciis
1864 1518 1900 1573 et

226 1620 356 1663 mansos
391 1600 549 1680 quinque,
591 1609 691 1679 atque
724 1599 832 1664 villam
864 1599 994 1664 Serram
1031 1621 1104 1663 cum
1140 1600 1276 1663 ecclesia
1306 1601 1339 1662 in
1378 1598 1503 1662 honore
1538 1601 1641 1661 sancti
1673 1597 1833 1662 Desiderii
1864 1609 1900 1662 et

225 1689 377 1753 omnibus
401 1689 601 1772 appendiciis
636 1691 719 1765 suis,
754 1690 862 1753 villam
894 1690 1082 1753 Cussiacum
1107 1710 1179 1752 cum
1204 1689 1355 1752 omnibus
1379 1689 1582 1770 pertinentiis
1613 1690 1697 1761 suis,
1730 1697 1763 1751 et
1794 1688 1900 1753 eccle·

224 1781 305 1842 siam
333 1785 520 1840 sanctorum
544 1778 679 1860 Benigni
711 1788 743 1842 et
766 1778 929 1855 Andreae,
960 1799 1057 1861 quam
1082 1779 1182 1861 Hugo
1213 1776 1479 1860 archiepiscopus
1504 1798 1522 1839 a
1546 1777 1706 1840 beneficio
1741 1776 1898 1841 laicorum

224 1868 385 1930 abstraxit
420 1875 453 1929 et
485 1868 696 1949 praebendae
729 1868 863 1931 fratrum
896 1869 1042 1944 contulit,
1075 1888 1201 1931 necnon
1236 1867 1345 1929 villam
1377 1868 1557 1929 Boniacum
1589 1886 1662 1929 cum
1695 1866 1833 1929 ecclesia
1864 1869 1899 1929 in

224 1957 350 2019 honore
380 1957 482 2018 sancti
513 1953 671 2038 Stephani
704 1966 736 2019 et
768 1956 902 2039 Agapiti
936 1978 1008 2020 cum
1043 1958 1195 2020 omnibus
1227 1957 1434 2039 appendiciis
1465 1958 1547 2030 suis,
1577 1954 1686 2018 villam
1711 1952 1898 2018 Cusliacum

225 2066 297 2109 cum
328 2045 401 2107 villa
430 2045 621 2108 Romanella
653 2055 685 2109 et
721 2044 909 2121 ecclesiam,
952 2067 1050 2127 quam
1081 2047 1143 2121 ibi,
1179 2067 1197 2109 a
1232 2066 1268 2108 se
1295 2044 1518 2120 aedificatam,
1564 2045 1766 2107 consecravit
1797 2044 1898 2127 Hugo

225 2133 492 2217 archiepiscopus
523 2137 555 2198 in
585 2133 710 2198 honore
741 2135 867 2198 Autidii
903 2156 977 2198 cum
1016 2136 1167 2198 omnibus
1209 2135 1412 2218 appendiciis
1443 2136 1523 2208 suis,
1571 2133 1739 2198 eeclesiam
1781 2135 1900 2198 beatae

225 2224 348 2286 Mariae
372 2223 586 2305 Magdalenae
610 2226 642 2287 in
657 2226 810 2287 Bisuntio
834 2225 876 2287 ad
900 2224 1086 2288 thesaurum
1109 2233 1252 2287 vestrum
1270 2226 1496 2306 pertinentem,
1520 2223 1690 2286 ecclesiam
1715 2225 1746 2286 in
1762 2225 1900 2307 gradico

224 2315 326 2375 sancti
350 2312 491 2375 Mauritii
524 2333 597 2374 cum
628 2314 832 2396 appendiciis
862 2315 926 2375 suis
950 2323 983 2377 et
1013 2315 1150 2376 decimis
1181 2316 1213 2376 in
1241 2311 1315 2375 villa
1337 2312 1525 2395 Agmeslae,
1557 2321 1590 2374 et
1621 2315 1652 2376 in
1677 2312 1833 2378 Brusiaco
1866 2322 1900 2376 et

224 2399 410 2465 Averniaco
435 2402 596 2483 quidquid
621 2402 775 2465 collatum
800 2412 849 2466 est
873 2423 933 2485 pro
956 2402 1124 2466 Leutardo
1148 2403 1268 2465 comite
1291 2405 1323 2464 in
1346 2399 1475 2476 Solinis,
1506 2401 1677 2464 ecclesiam
1709 2404 1741 2463 in
1772 2402 1900 2464 honore

224 2493 328 2554 sancti
353 2491 493 2553 Maurilii
525 2511 598 2553 cum
631 2492 781 2554 omnibus
811 2493 1021 2574 appendiciis,
1052 2494 1084 2555 in
1116 2493 1232 2555 eadem
1263 2490 1337 2553 villa
1368 2489 1526 2553 caldarias
1556 2492 1638 2552 duas
1668 2492 1710 2553 ad
1743 2492 1790 2553 sal
1823 2511 1899 2554 con·

227 2580 409 2654 ficiendum,
433 2581 465 2641 in
489 2580 564 2642 villa
588 2579 766 2643 Pontiliaco
791 2581 961 2645 ecclesiam
984 2584 1088 2644 sancti
1114 2581 1259 2645 Mauricii
1284 2600 1357 2642 cum
1382 2581 1518 2643 decimis
1542 2590 1575 2643 et
1599 2580 1751 2643 omnibus
1775 2600 1900 2663 appen-

227 2671 328 2744 diciis,
361 2671 391 2731 in
415 2668 489 2731 villa
513 2667 656 2732 Cuniaco
688 2669 858 2733 ecclesiam
891 2671 921 2732 in
951 2669 1110 2733 honorem
1141 2671 1243 2733 sancti
1267 2669 1385 2731 Valerii
1417 2689 1491 2732 cum
1522 2670 1657 2732 decimis
1687 2678 1721 2731 et
1750 2670 1900 2732 omnibus

226 2760 290 2821 suis
314 2759 526 2840 pertinentiis,
549 2758 661 2821 altaria
677 2779 756 2822 vero
779 2761 1038 2841 supradictarum
1062 2759 1280 2829 ecclesiarum,
1305 2759 1451 2840 eulogias
1474 2766 1507 2820 et
1530 2767 1659 2841 paratas
1682 2759 1724 2821 ad
1741 2759 1899 2822 rationem

226 2847 371 2930 episcopi
395 2867 437 2910 ex
459 2847 574 2910 iisdem
599 2847 743 2911 ecclesiis
768 2849 976 2930 pertinentes,
1005 2849 1099 2911 vobis
1123 2847 1230 2929 Hugo,
1254 2846 1338 2909 filius
1362 2856 1485 2922 noster,
1516 2868 1575 2929 per
1600 2868 1728 2911 manum
1754 2856 1899 2912 nostram

226 2937 368 3011 confert,
400 2945 436 2998 ut
459 2939 560 2999 nostri
585 2939 743 3000 memoria
766 2958 897 3019 semper
927 2936 1093 3001 habeatur.
1139 2936 1327 2999 Laudamus
1360 2939 1458 2999 etiam
1490 2937 1582 2999 vobis
1611 2936 1768 3019 capellam
1799 2939 1899 3000 sancti

227 3024 378 3108 Gengulfi
401 3025 443 3088 de
466 3025 539 3088 villa
554 3025 735 3089 Roloniaco
760 3047 833 3090 cum
857 3027 957 3100 altari,
980 3027 1112 3090 decimis
1135 3029 1268 3107 suisque
1292 3026 1454 3088 omnibus.
1499 3026 1591 3089 Haec
1607 3027 1716 3089 omnia
1731 3027 1901 3109 praedicta

227 3135 300 3178 cum
324 3114 382 3189 his,
406 3135 490 3196 quae
514 3116 689 3197 possidetis
712 3136 798 3178 nunc
820 3115 872 3178 vel
897 3118 929 3178 in
952 3125 1048 3179 antea
1071 3117 1252 3199 possessuri
1277 3115 1362 3190 estis,
1386 3123 1497 3178 nostra
1520 3116 1701 3199 apostoliea
1725 3118 1901 3178 autoritate

226 3204 320 3267 vobis
344 3202 575 3266 confirmamus
606 3213 639 3267 et
663 3203 833 3267 laudamus
857 3214 898 3282 et,
931 3213 966 3267 ut
995 3207 1105 3284 quiete
1137 3213 1170 3267 et
1199 3205 1391 3267 inconcusse
1418 3206 1564 3280 teneatis,
1595 3204 1743 3268 habeatis
1767 3214 1800 3267 et
1825 3225 1901 3288 pos-

226 3294 368 3367 sideatis,
392 3293 454 3355 sub
477 3293 622 3355 eiusdem
646 3296 827 3357 autoritatis
851 3293 1052 3377 apostolicae
1074 3293 1204 3356 vinculo
1228 3291 1408 3374 alligamus,
1432 3313 1473 3356 ne
1496 3297 1569 3375 quis
1591 3295 1710 3357 audeat
1732 3294 1784 3357 vel
1807 3315 1901 3375 prae·

226 3390 343 3458 sumat,
367 3381 523 3445 ecclesiae
546 3391 674 3445 vestrae
689 3383 741 3445 vel
758 3384 854 3446 vobis
877 3384 919 3446 de
944 3384 1042 3446 rebus
1066 3383 1251 3466 praelibatis
1267 3402 1395 3458 nocere,
1418 3383 1480 3445 sub
1500 3383 1529 3458 b)
1553 3385 1661 3447 banno
1685 3384 1788 3445 sancti
1804 3384 1900 3458 Petri,

226 3471 454 3554 apostolorum
467 3473 632 3554 principis,
650 3472 879 3535 interdicimus.
911 3469 1010 3554 Quod
1023 3474 1048 3534 si
1065 3474 1137 3553 quis
1154 3474 1336 3535 inscusatus
1352 3470 1416 3534 hoc
1432 3481 1558 3536 tentare
1570 3475 1827 3556 praesumpserit
1839 3481 1900 3535 etc.

386 3559 508 3623 Datum
519 3573 580 3622 xvt
592 3560 758 3624 Kalendas
775 3561 979 3636 Decembris,
996 3581 1055 3644 per
1072 3582 1184 3624 manus
1196 3562 1291 3635 Petri,
1309 3561 1436 3623 diaconi
1453 3571 1486 3625 et
1502 3561 1681 3624 cancellarii
1698 3561 1900 3644 apostolicae

225 3651 320 3712 sedis.
367 3649 467 3711 Anno
491 3651 603 3713 domni
627 3650 749 3712 Leonis
773 3664 809 3713 lx
833 3670 941 3733 papae
964 3664 984 3712 1.
1031 3652 1217 3714 Indictione
1241 3663 1287 3712 111.

386 3763 509 3828 Abschrr‘st
526 3765 569 3813 der
590 3764 648 3817 Coll.
670 3762 769 3812 Moreau
788 3766 840 3814 800
850 3765 903 3828 fol.
921 3767 980 3823 410,
1000 3765 1025 3812 r'n
1044 3764 1088 3812 der
1107 3764 1169 3814 Br'hl.
1189 3763 1316 3813 hhtr'onale
1333 3781 1363 3813 nr
1383 3764 1463 3815 Poris.

996 4048 1062 4125 Nr.
1096 4052 1130 4124 9.

228 4199 290 4262 Leo
313 4196 370 4262 IX
394 4199 510 4262 nimmt
532 4197 594 4262 das
621 4199 777 4262 riimr'sclre
803 4196 932 4262 Kloster
956 4199 1139 4281 Ambronay
1161 4199 1221 4278 (D.
1249 4199 1353 4281 Lyon)
1379 4197 1413 4262 r'n
1441 4197 1670 4281 apostolr'sclren
1695 4198 1813 4263 Schutz
1835 4200 1904 4264 und

620 4287 770 4369 bestcitrgt
783 4288 870 4351 seint
889 4286 1115 4352 Gereclrrsame
1134 4288 1204 4351 und
1216 4287 1454 4351 Besr‘tztln‘r'mer
1469 4290 1506 4368 ¹).

931 4424 1014 4484 1050
1028 4421 1130 4504 April
1145 4425 1196 4484 30.

384 4552 491 4623 PLeo
509 4555 692 4636 episcopus,
716 4575 827 4618 servus
843 4575 1008 4618 servorum
1026 4557 1087 4631 dei,
1112 4556 1255 4632 Dudoni,
1280 4557 1393 4620 abbati
1416 4558 1603 4620 monasterii
1628 4558 1725 4644 beate
1742 4559 1898 4632 Mariae,

227 4645 361 4726 eiusque
393 4645 650 4725 congregationi,
671 4642 675 4727 Ι
697 4644 787 4725 quod
821 4654 870 4707 est
902 4644 999 4707 situm
1036 4646 1067 4707 in
1092 4644 1182 4722 locu,
1217 4647 1270 4727 qui
1306 4647 1424 4708 dicitur
1454 4646 1698 4710 Ambroniacus
1731 4648 1762 4709 in
1799 4647 1900 4710 archi·

227 4733 391 4816 presulatu
427 4733 655 4814 Lugdunensi,
689 4734 721 4794 in
754 4733 872 4795 eodem
904 4734 1081 4797 venerabili
1115 4735 1255 4822 cenobio
1285 4736 1320 4797 in
1354 4746 1558 4817 perpetuum.
1582 4734 1650 4819 -Ι
1681 4736 1737 4798 Ad
1773 4747 1902 4799 nostras

227 4823 375 4906 pervenit
399 4842 499 4897 aures,
532 4821 706 4908 cenobium
730 4821 999 4896 Ambroniacum,
1024 4844 1043 4885 a
1066 4836 1180 4887 sancto
1204 4826 1372 4888 Bamardo
1401 4825 1581 4900 fundatum,
1615 4837 1727 4911 sancte
1750 4827 1902 4912 Romane

227 4912 362 4997 ecclesie
386 4909 472 4974 sedis
505 4909 687 4995 apostolice
718 4911 885 4973 subditum
917 4912 960 4973 ob
986 4907 1212 5000 humili[mam]
1234 4919 1261 4994 c)
1286 4915 1469 5000 reverencie
1496 4916 1693 4978 servitutem.
1740 4915 1902 4977 Novimus

227 5021 368 5084 quoque,
394 4999 509 5081 Sergio
533 5020 621 5081 papa
645 4999 888 5074 corroborante,
912 5002 1135 5082 supradictum
1159 5003 1268 5067 locum
1292 5004 1451 5066 libertatis
1474 5004 1619 5084 vigorem
1644 5005 1688 5067 ob
1712 5005 1902 5067 servitutem

225 5092 411 5154 Romanam
437 5089 625 5162 obtinuisse,
651 5089 775 5170 quippe
799 5108 873 5151 cum
896 5089 996 5152 beato
1021 5092 1145 5155 Petro
1169 5095 1297 5167 servire,
1322 5092 1382 5178 celi
1414 5093 1543 5155 ianuam
1568 5093 1610 5154 sit
1633 5095 1767 5175 aperire.
1814 5093 1901 5173 Qua·

226 5191 363 5262 propter
386 5198 460 5241 cum
485 5179 572 5240 idem
596 5176 686 5240 locus
702 5177 854 5240 articulus
873 5177 904 5257 d)
928 5181 970 5241 sit
993 5183 1139 5262 corporis
1163 5183 1249 5268 dicte
1273 5182 1425 5244 videlicet
1448 5180 1629 5268 apostolice
1650 5184 1737 5246 sedis
1770 5192 1802 5245 et
1826 5201 1902 5244 cum

226 5270 338 5332 omnia
361 5268 509 5330 membra
533 5267 691 5348 impleant
713 5266 823 5329 officia
845 5287 911 5343 sua,
942 5279 974 5331 et
997 5271 1023 5331 si
1048 5291 1149 5334 unum
1173 5272 1356 5334 membrum
1380 5270 1479 5345 dolet,
1503 5270 1634 5334 aliunde
1658 5272 1904 5353 compatiuntur

228 5401 282 5409 -..
525 5401 549 5406 ---
557 5399 576 5407 -ο
585 5400 651 5406 ——-

387 5465 412 5524 a)
432 5461 472 5525 qul
563 5459 590 5523 b)
610 5460 647 5508 ius
737 5460 761 5524 c)
780 5461 840 5525 Auj
852 5461 923 5521 Lech,
942 5464 1060 5524 urrsiclur,
1080 5481 1104 5514 es
1121 5465 1211 5514 scheirrt
1235 5466 1273 5514 ein
1291 5465 1302 5512 f
1317 5481 1357 5513 am
1379 5463 1489 5513 Schlmse
1505 5481 1535 5513 ru
1552 5464 1630 5514 slehen
1719 5468 1746 5531 d)
1768 5466 1813 5514 das
1831 5473 1840 5515 t
1859 5466 1906 5516 mi!

230 5533 368 5598 Obtrldnge.
386 5568 440 5576 -.
460 5533 495 5594 ,1)
514 5529 590 5578 Niclrt
621 5531 766 5594 sellerloser
789 5533 877 5582 Druck
905 5535 962 5585 mul
988 5537 1141 5586 verkleirrerre
1169 5537 1338 5602 Phologrnpiie
1368 5552 1415 5584 von
1440 5537 1488 5588 Dr.
1516 5534 1633 5595 Marcrc',
1664 5539 1851 5601 Retroductr'orrs
1875 5539 1905 5587 de

228 5605 330 5653 Domm.
356 5603 440 5668 origin.
466 5617 518 5650 orer
540 5600 648 5650 archives
673 5602 702 5650 de
726 5603 795 5652 rain
823 5604 870 5655 Nr.
891 5610 914 5664 1,
941 5608 1036 5656 seltener
1069 5608 1146 5658 Werk.
1183 5608 1264 5656 Einm
1291 5607 1361 5657 Their
1381 5608 1424 5656 der
1449 5606 1565 5657 Urkunde
1586 5610 1640 5658 liers
1663 5611 1712 5659 mir
1734 5610 1906 5675 srermdlr'clrst

227 5675 294 5723 Hrrr
311 5673 434 5723 Arrhivar
451 5673 638 5722 Brorarelle
656 5674 829 5739 durrhpausen,
849 5679 901 5727 dem
920 5678 957 5727 irlr
975 5680 1037 5727 aurlr
1056 5679 1153 5728 llhtirrn
1170 5679 1297 5729 verdanke.
