3982 6194
1776 271 1837 332 Ι39

381 477 424 490 -
448 439 468 525 †
491 443 565 524 Ego
589 441 689 506 Oddo
714 441 872 503 diaconus
894 439 1067 501 cardinalis
1090 439 1192 501 sancti
1217 437 1349 520 Georgii
1375 440 1417 500 ad
1441 439 1558 501 Velum
1584 460 1716 502 aureum
1740 463 1781 503 ss.

381 529 402 614 †
425 532 498 613 Ego
521 531 684 594 Rodulius
707 531 865 592 diaconus
888 528 1061 592 cardinalis
1084 538 1196 612 sancte
1212 529 1313 612 Lucie
1337 529 1369 589 in
1394 525 1497 609 Septa
1520 529 1597 590 solis
1621 550 1662 591 ss
1687 531 1734 606 (1)

380 622 401 701 †
423 620 497 702 Ego
520 620 629 684 Guido
653 620 811 681 diaconus
835 618 1008 681 cardinalis
1031 625 1144 680 sancte
1168 617 1270 679 Marie
1294 619 1326 679 in
1351 617 1478 679 Porticu
1503 638 1543 679 ss.

381 707 402 791 ’r
425 710 498 790 Ego
521 709 683 772 Iohannes
707 709 864 770 diaconus
888 707 1060 769 cardinalis
1083 716 1268 769 sanctorum
1294 706 1398 787 Sergii
1422 717 1454 768 et
1477 707 1579 768 Bachi
1604 727 1644 769 ss.
1669 706 1714 786 (1)

380 799 497 880 †Ego
527 799 603 862 Odo
634 798 791 860 diaconus
815 796 986 858 cardinalis
1009 797 1111 858 sancti
1137 795 1287 859 Nicholai
1312 797 1344 857 in
1376 815 1502 857 carcere
1525 795 1705 876 Tultlliano
1728 817 1768 858 ss.
1793 793 1840 875 (5)

325 889 404 950 Dat.
421 888 582 962 Laterani,
606 907 666 968 per
688 905 821 948 manum
837 884 988 959 Rolandi,
1012 895 1124 971 sancte
1139 885 1289 970 Romane
1313 885 1449 968 ecclesie
1473 885 1645 965 presbiteri
1666 885 1840 947 cardinalis

163 990 194 1040 et
216 976 415 1040 cancellarii.
460 975 589 1039 1111Kl.
613 975 708 1038 Febr.
754 974 936 1038 Indictione
959 974 1112 1036 secunda.
1158 974 1392 1036 Incamationis
1421 975 1584 1035 dominice
1608 994 1694 1035 anno
1719 985 1839 1036 MCLIII.

164 1065 378 1130 Pontificatus
400 1085 479 1129 vero
503 1066 616 1128 domni
641 1064 833 1126 ANASTASH
856 1064 915 1126 ΡΡ.
938 1076 1101 1126 1111ann0
1124 1064 1240 1144 primo.
1265 1098 1308 1107 -

329 1179 375 1229 Or.
391 1180 418 1228 r'n
434 1180 478 1230 der
494 1179 557 1229 Bibe.
580 1179 708 1228 Comanale
724 1195 754 1226 zu
777 1178 876 1226 Verona.

327 1252 398 1316 Perg.
431 1253 490 1310 ital,
517 1252 552 1301 br.
571 1253 623 1310 0,6,
656 1252 717 1314 lang
740 1252 808 1308 unt,
835 1255 910 1296 eenten
940 1250 1019 1307 noia
1044 1247 1237 1313 unigesrhlagen,
1272 1247 1350 1295 durch
1373 1247 1432 1296 ervei
1453 1247 1546 1296 L'o'eher
1564 1248 1621 1311 gelet
1644 1249 1681 1297 die
1704 1248 1841 1314 dicksddige

164 1324 316 1389 dunkelgelbe
333 1323 515 1385 Seidenschnur,
540 1323 611 1370 deren
629 1322 752 1387 Bleisiegel
771 1322 886 1378 verloren,
910 1318 1017 1384 Fallung
1034 1321 1077 1367 der
1094 1321 1189 1369 dullen.
1225 1319 1273 1367 Die
1291 1319 1385 1383 Scdm‘st
1402 1320 1446 1369 der
1461 1326 1537 1367 ersten
1555 1319 1617 1368 Zeile
1640 1321 1745 1367 eienrlicl
1763 1322 1833 1369 breit-

165 1396 308 1459 ludutabr'g.
352 1395 507 1460 Verecu‘gwcg
523 1394 569 1443 Nr.
589 1395 605 1441 3
624 1393 707 1452 Ρτυῆ,
734 1392 802 1441 stark
825 1392 912 1449 herm,
927 1392 996 1456 still!
1013 1393 1097 1450 0‚135.
1134 1391 1214 1439 Marie
1238 1391 1293 1439 und
1308 1392 1415 1455 Eugenii
1438 1392 1471 1439 im
1490 1391 1630 1453 Konscn'pte
1653 1391 1775 1457 haldlung,
1802 1394 1841 1442 die

167 1467 306 1531 eliosieskeln
324 1467 401 1514 delent
424 1467 482 1514 oder
504 1465 654 1529 doppellinrg.
691 1465 768 1514 Amen
786 1463 832 1512 Nr.
852 1461 916 1515 7x',
941 1463 985 1509 das
1010 1461 1218 1526 Wchselhogen-rn
1242 1463 1272 1509 is!
1288 1465 1348 1521 0,11
1368 1464 1434 1525 lang.
1470 1465 1532 1511 Rota
1551 1463 1597 1511 Nr.
1618 1466 1640 1521 1,
1666 1463 1840 1513 l)urcdmessrr

165 1540 246 1596 01152,
265 1553 318 1586 von
335 1538 379 1585 der
395 1539 475 1586 letzim
494 1537 556 1585 Zeile
574 1538 643 1595 0,0d,
670 1551 717 1584 von
734 1537 778 1584 der
793 1534 874 1583 linken
891 1534 973 1582 ΚΜ(
990 1535 1077 1593 0,095,
1095 1550 1149 1582 riom
1169 1533 1349 1598 illonogramme
1367 1536 1452 1593 O,296.
1488 1533 1669 1598 Monogramm,
1699 1535 1793 1598 Gruppe
1812 1543 1835 1594 1,

165 1610 219 1657 loch
238 1611 330 1667 0,019,
357 1609 415 1657 breit
432 1608 517 1667 0,02!l,
544 1607 649 1672 Scdre'ige
672 1606 835 1671 breitsteiclu'gq
860 1622 908 1653 von
931 1605 1007 1653 reclus
1024 1606 1106 1664 0‚118.
1147 1605 1222 1653 Ueber
1243 1606 1280 1654 die
1298 1607 1372 1654 Diale
1394 1606 1472 1653 nieles
1489 1605 1601 1653 Sistens.
1639 1605 1765 1671 Daeimng
1781 1622 1835 1654 vona

166 1681 286 1729 Srlrree'ber
304 1681 346 1728 des
362 1679 554 1744 Hauptbirpers,
574 1681 595 1727 R
617 1680 723 1727 lt’olunds
741 1678 814 1726 daun
831 1684 904 1725 elevas
922 1677 1035 1725 duuklere
1058 1676 1144 1735 Dinle,
1163 1676 1267 1724 dunkler
1289 1679 1327 1724 als
1344 1677 1381 1726 die
1397 1678 1438 1725 des
1456 1677 1620 1741 ll'ingkreuzes.
1659 1678 1836 1743 Zeugeufirmm

166 1753 286 1801 tleilwer'se
303 1767 353 1799 von
367 1751 471 1817 gleiclrer
485 1751 565 1800 Hand
580 1750 635 1798 tend
651 1751 740 1807 Dirum
766 1750 857 1814 Gregor
879 1749 915 1797 tie.
938 1748 1027 1796 Calirtr'
1049 1747 1080 1794 ist
1098 1747 1218 1812 gedriingt
1236 1748 1392 1812 gescdrr'eben,
1418 1765 1460 1795 ram
1479 1749 1545 1796 eriri!
1560 1749 1587 1796 in
1605 1749 1644 1796 die
1661 1752 1723 1797 Rota
1745 1749 1835 1797 hincin-

167 1824 310 1871 eukonrmm.
348 1824 404 1873 Das
420 1823 478 1887 Ego
506 1839 559 1870 vom
586 1821 683 1870 Dr'akon
707 1821 807 1884 Roduls
823 1818 939 1868 vielleiclr
960 1819 1003 1866 mc?
1025 1819 1128 1867 andem
1145 1819 1219 1867 Dinte
1242 1820 1297 1867 und
1313 1819 1391 1869 Hand
1408 1820 1570 1885 geschn‘eben,
1594 1823 1632 1868 als
1655 1821 1700 1868 das
1728 1821 1833 1885 Uebrige.

168 1896 296 1961 liniimng
314 1894 349 1943 bis
367 1896 393 1942 in
411 1895 455 1943 das
477 1893 679 1960 Umgescldagem‚
692 1891 841 1957 gererdlnlieh
858 1892 917 1939 iiber
933 1890 969 1940 die
987 1890 1138 1938 Serienlr'ne'en
1155 1907 1213 1956 weg.

906 2175 972 2250 Nr.
1006 2178 1091 2249 131.

166 2311 360 2374 Anastasius
377 2310 438 2374 IV
453 2311 602 2393 bestdtigt
615 2309 687 2373 dem
703 2305 912 2391 Domkapitel
922 2329 982 2370 uon
997 2307 1121 2370 Pistoia
1143 2307 1205 2370 den
1221 2307 1329 2371 Besita
1343 2307 1400 2370 des
1415 2307 1583 2390 Hospitals
1599 2330 1658 2372 von
1679 2310 1831 2374 Omdron·

745 2397 820 2461 cello
843 2398 905 2460 mit
925 2397 1037 2460 dessen
1060 2395 1206 2460 Zubeledr
1221 2400 1253 2476 ¹).

743 2515 825 2576 1154
850 2511 1001 2575 Februcer
1021 2515 1052 2574 8.
1099 2511 1248 2574 Lateran.

320 2631 516 2694 Anastasius
547 2633 737 2714 episcopus,
769 2650 879 2692 servus
909 2649 1075 2691 servorum
1106 2629 1174 2705 dei,
1206 2628 1331 2690 dilectis
1362 2628 1435 2690 liliis
1465 2630 1593 2705 Verno,
1626 2629 1830 2695 Pistoriensis

161 2722 297 2805 ecclesie
313 2722 494 2802 preposit0‚
519 2722 653 2802 eiusque
669 2720 827 2793 iratribus,
851 2727 918 2780 tam
936 2718 1140 2798 presentibus
1156 2737 1254 2798 quarn
1271 2717 1390 2793 futuris,
1416 2720 1572 2803 canonice
1588 2719 1830 2794 substituendis

160 2825 196 2874 IN
218 2822 301 2871 PPM.
326 2845 367 2856 -
389 2807 394 2892 Ι
414 2811 470 2895 Pie
492 2810 672 2892 postulatio
695 2808 871 2871 voluntatis
895 2806 1010 2869 effectu
1043 2807 1142 2868 debet
1172 2816 1391 2887 prosequente
1424 2808 1590 2888 compleri,
1623 2810 1774 2888 quatinus
1798 2821 1831 2873 et

161 2899 349 2963 devotionis
392 2900 559 2962 sinceritas
600 2898 806 2960 laudabiliter
846 2897 1002 2958 enitescat
1051 2905 1083 2958 et
1128 2896 1249 2957 utilitas
1283 2896 1449 2976 postuluta
1486 2898 1570 2958 vires
1612 2897 1831 2960 indubitanter

160 2994 314 3052 assumat.
344 2984 348 3060 l
375 2988 562 3070 Eapropter
582 2984 617 3069 Ε),
642 2987 750 3049 dilecti
775 2987 807 3048 in
831 2986 967 3047 domino
991 2984 1056 3059 lilii,
1087 2985 1201 3046 vestris
1232 2986 1322 3046 iustis
1352 2985 1629 3065 postulationibus
1652 2986 1830 3049 clementer

161 3078 351 3151 annuimus,
392 3087 424 3139 et
458 3077 727 3158 predecessorum
746 3075 775 3152 b)
812 3085 995 3136 nostrorum
1017 3075 1052 3153 0),
1092 3073 1193 3135 felicis
1224 3076 1380 3158 memorie
1411 3074 1551 3138 URBANI
1582 3095 1668 3155 pape
1699 3075 1764 3153 11²)
1796 3084 1829 3138 et

159 3165 316 3228 EUGFNJI
340 3186 427 3250 pape
450 3182 497 3241 111,
525 3161 530 3248 1
554 3166 699 3245 vestigiis
734 3164 932 3238 inherentes
973 3162 1168 3243 hospitalem
1201 3163 1335 3224 domurn
1367 3163 1408 3225 de
1439 3163 1690 3239 UmbroncellO,
1729 3185 1827 3245 quarn

160 3257 352 3318 decessores
381 3255 478 3317 vestri
505 3255 619 3317 studiis
650 3264 683 3316 et
713 3253 868 3334 impensis
898 3253 963 3313 suis
995 3253 1214 3313 construxisse
1245 3261 1435 3327 noscuntur,
1470 3252 1530 3314 snb
1561 3252 1648 3314 beati
1680 3255 1764 3315 Petri
1795 3265 1828 3317 ct

160 3351 273 3407 nostra
302 3345 510 3426 protectione
528 3343 560 3413 d)
590 3343 784 3423 suscipimus
814 3353 847 3404 et
878 3341 1037 3422 presentis
1060 3341 1170 3421 scripti
1195 3341 1315 3421 pagina
1339 3342 1586 3403 communimus.
1632 3342 1827 3416 Statuentes,

159 3445 195 3496 ut
219 3453 445 3514 quascumque
475 3433 706 3513 possessiones,
738 3450 942 3512 quecumque
972 3430 1061 3491 bona
1091 3430 1238 3509 predicta
1269 3430 1386 3492 domus
1418 3431 1450 3491 in
1479 3431 1714 3511 presentiarum
1746 3432 1827 3495 iuste

160 3533 192 3585 et
216 3523 376 3584 canonice
399 3522 546 3602 possidet
569 3530 624 3583 aut
647 3521 679 3582 in
711 3520 850 3582 futurum
874 3519 1085 3580 concessione
1114 3518 1314 3598 pontificum,
1339 3519 1509 3599 largitione
1533 3539 1644 3599 regum
1667 3520 1717 3581 vel
1741 3522 1826 3600 prin-

159 3613 281 3693 cipum,
305 3610 476 3672 oblatione
498 3609 642 3673 fidelium
665 3630 721 3671 seu
746 3610 816 3671 aliis
839 3609 929 3669 iustis
953 3608 1060 3669 modis
1084 3607 1147 3668 deo
1180 3608 1324 3687 propitio
1355 3609 1476 3688 poterit
1504 3608 1650 3689 adipisci,
1681 3609 1774 3670 firma
1797 3611 1825 3672 ei

158 3713 191 3763 et
216 3700 344 3762 illibata
366 3708 589 3780 permaneant.
635 3699 671 3760 ln
696 3698 814 3779 quibus
836 3697 897 3759 hec
921 3697 1072 3759 duximus
1101 3697 1241 3777 propriis
1272 3697 1487 3776 exprimenda
1516 3696 1702 3759 vocabulis:
1742 3699 1827 3760 deci-

159 3809 295 3865 marum,
325 3808 388 3874 que
411 3788 505 3850 vobis
528 3808 548 3851 a
570 3787 696 3869 populo
720 3788 845 3861 dantur,
870 3806 945 3867 pars
969 3786 1104 3858 decima,
1128 3795 1160 3847 et
1184 3785 1332 3847 laborum
1354 3796 1534 3848 vestrorum
1558 3786 1693 3872 decime,
1718 3808 1828 3867 quem·

158 3877 342 3940 admodum
359 3877 400 3939 ab
425 3878 548 3939 eisdem
572 3876 858 3958 predecessoribus
873 3875 986 3937 vestris
1009 3875 1204 3936 unanimiter
1226 3881 1383 3936 statutum
1407 3885 1465 3938 est.
1510 3875 1661 3938 Preterea
1683 3877 1828 3938 eiusdem

156 3967 281 4029 tenoris
305 3966 511 4047 privilegium
535 3966 649 4027 ceteris
673 3985 805 4046 quoque
822 3985 881 4045 per
895 3974 1037 4026 vestrum
1054 3964 1281 4043 episcopatum
1297 3965 1366 4025 sitis
1382 3963 1598 4045 hospitalibus
1614 3964 1826 4045 indulgemus,

158 4057 187 4117 ei
220 4054 392 4129 videlicet,
430 4054 520 4135 quod
551 4055 641 4116 iuxta
670 4054 779 4115 villam
811 4053 978 4115 Carratam
1006 4052 1192 4113 edificatum
1224 4060 1287 4127 est,
1326 4053 1355 4114 ei
1388 4053 1478 4132 quod
1515 4054 1604 4114 iuxta
1637 4052 1826 4134 Caprariam

157 4144 332 4225 oppidum,
356 4144 385 4205 ei
410 4144 499 4224 quod
523 4144 555 4205 in
571 4153 666 4224 prato
691 4143 781 4223 quod
804 4142 920 4203 dicitur
935 4142 1101 4222 Episcopi,
1126 4141 1155 4202 ei
1173 4141 1262 4221 quod
1283 4142 1372 4202 iuxta
1396 4142 1503 4203 locum
1528 4143 1582 4223 qui
1609 4143 1724 4204 dicitur
1739 4143 1827 4206 Crux

156 4231 387 4307 Brandeliana,
413 4233 441 4294 ei
466 4252 606 4313 quoque,
639 4232 728 4311 quod
753 4233 784 4292 in
808 4231 955 4292 Brisceto
979 4230 1244 4311 predecessorum
1266 4240 1446 4292 vestrorum
1469 4232 1583 4292 studiis
1606 4233 1826 4312 impensisque

157 4321 347 4384 edificatum
372 4330 430 4383 est.
475 4320 575 4400 Quod
599 4321 749 4383 nimirum
778 4319 927 4400 predicto
950 4329 1058 4381 vestro
1089 4318 1299 4381 xenodochio
1329 4320 1370 4381 de
1394 4319 1638 4392 Umbronceno,
1671 4322 1825 4400 quemad·

156 4411 297 4473 modum
313 4429 332 4471 a
348 4411 535 4471 memoratis
554 4412 582 4486 ο)
605 4409 890 4490 predecessoribus
909 4407 938 4485 s)
960 4409 1077 4470 nostris
1093 4417 1248 4470 statutum
1265 4420 1321 4482 est,
1344 4410 1510 4489 perpetuis
1527 4409 1728 4490 temporibus
1751 4411 1824 4472 sub·

157 4501 280 4562 lectum
304 4518 375 4561 esse
399 4498 611 4561 decernimus,
650 4498 736 4578 Quia
757 4518 835 4560 vero
859 4508 951 4560 extra
973 4497 1069 4559 urbes
1092 4497 1154 4559 hec
1176 4496 1356 4577 hospitales
1382 4497 1499 4559 domus
1520 4499 1708 4573 consistunt,
1732 4499 1825 4561 huius

155 4588 330 4670 privilegio
348 4587 479 4649 decreto
495 4588 674 4661 statuimus,
690 4597 726 4650 ut
741 4588 824 4649 intra
840 4607 938 4649 unum
951 4586 1091 4648 stadium
1105 4605 1202 4647 nemo
1217 4587 1306 4647 iuxta
1318 4607 1373 4649 eas
1397 4587 1537 4666 aliquem
1553 4607 1679 4667 capere,
1696 4588 1824 4668 predari

156 4689 213 4739 aut
227 4676 392 4739 hostiliter
415 4677 594 4739 disturbare
611 4684 783 4758 presumat.
830 4675 975 4755 Quarum
1000 4674 1145 4737 omnium
1169 4674 1391 4737 ordinationes
1414 4696 1452 4737 ac
1476 4676 1707 4756 dispositiones
1730 4677 1825 4739 vobis

153 4767 339 4846 vestrisque
369 4766 609 4827 successoribus
640 4766 792 4827 duximus
822 4763 1082 4838 committendas,
1116 4771 1150 4823 ut
1182 4783 1306 4837 eorum,
1339 4765 1394 4845 qui
1424 4765 1456 4826 in
1487 4765 1582 4827 vobis
1610 4766 1825 4846 religiosiores

155 4855 285 4927 luerint,
301 4853 470 4916 voluntate
483 4855 656 4928 communi,
670 4855 910 4915 communicato
927 4854 1025 4916 etiam
1041 4850 1491 4915 fratrumVallisumbrosiane
1504 4855 1648 4928 consiliu,
1665 4875 1824 4917 consensu

156 4964 292 5025 quoque
308 4944 405 5004 vestri
422 4944 579 5024 episcopi,
603 4943 628 5005 si
650 4941 828 5004 catholicus
845 4941 937 5004 luerit
953 4952 986 5004 et
1001 4942 1177 5024 religiosus,
1195 4941 1351 5017 adhibito,
1377 4953 1518 5004 rectores
1533 4943 1655 5005 eisdem
1672 4944 1824 5006 domibus

155 5041 391 5114 preponantur,
415 5032 470 5112 qui
493 5031 671 5094 secundum
695 5031 792 5092 deum
816 5050 925 5092 earum
950 5051 1060 5094 curam
1083 5032 1203 5094 habere
1227 5041 1259 5093 et
1279 5032 1477 5113 pauperibus
1499 5053 1537 5094 eo
1555 5032 1823 5094 convenientibus

154 5122 295 5184 sollicite
319 5121 501 5182 ministrare
523 5130 706 5201 procurent.
752 5121 966 5182 Decemimus
989 5140 1075 5201 erg0,
1100 5140 1140 5180 ne
1157 5120 1211 5179 ulli
1228 5121 1362 5182 omnino
1378 5122 1547 5184 hominum
1564 5121 1667 5197 liceat,
1692 5121 1823 5183 easdem

155 5211 274 5273 domos
298 5217 422 5272 temere
449 5209 636 5290 perturbare
664 5220 720 5271 aut
750 5209 782 5270 in
813 5209 935 5270 eisdem
964 5209 1106 5289 aliquem
1129 5227 1246 5288 capere
1270 5220 1325 5270 aut
1355 5212 1400 5272 eis
1430 5210 1578 5272 subditas
1600 5211 1823 5291 possessiones

155 5300 291 5373 auferre,
325 5299 469 5361 minuere
497 5298 548 5361 vel
572 5298 750 5360 temerariis
772 5298 1001 5361 vexationibus
1025 5297 1168 5377 fatigare.
1214 5296 1281 5360 Sed
1306 5300 1416 5360 omnia
1439 5301 1565 5380 integra
1595 5307 1825 5362 conserventur

200 5427 576 5439 --..-—--..-.--.—-.—..-a-—·

314 5494 341 5554 a)
359 5491 416 5554 Eup
434 5491 486 5554 ares
498 5493 583 5540 Rasur
670 5490 698 5555 b)
716 5506 757 5539 um
776 5492 828 5556 auf
842 5492 928 5540 Ramr
1014 5491 1139 5556 eliorum
1157 5490 1209 5554 aces
1222 5492 1306 5539 Ramr
1394 5492 1421 5555 d)
1440 5493 1448 5541 i
1465 5494 1517 5558 ares
1529 5495 1612 5542 Rauer
1694 5494 1720 5558 e)
1739 5492 1760 5542 is
1777 5493 1828 5556 aeis

154 5565 236 5612 Resur
327 5563 349 5623 l)
369 5563 415 5610 ins
440 5562 492 5626 aus
504 5564 595 5612 Ranae.
614 5600 666 5606 .-
685 5572 721 5625 A)
749 5562 825 5628 Vergl.
854 5563 891 5612 die
920 5561 980 5615 Ure.
1005 5578 1059 5611 vom
1079 5566 1109 5610 11
1134 5562 1263 5612 December
1282 5563 1346 5613 1161
1371 5565 1426 5612 und
1448 5568 1479 5614 19
1498 5565 1629 5614 November
1649 5567 1723 5616 1174.
1766 5564 1822 5613 Vom

150 5635 254 5701 gleichen
276 5633 343 5702 Tage
359 5633 392 5683 ist
411 5629 491 5700 Just,
510 5635 567 5697 Reg.
588 5635 665 5683 6773,
739 5639 765 5695 a)
791 5635 867 5700 Vergl.
888 5634 1117 5699 IJlugk-Harnung,
1136 5633 1186 5683 Iter
1203 5634 1314 5683 Italicum
1328 5642 1355 5699 p.
1374 5638 1426 5686 205
1445 5636 1492 5685 Nr.
1510 5637 1568 5686 213.

1562 5713 1616 5766 18·
