<?xml version="1.0" encoding="UTF-8"?>
<!DOCTYPE html PUBLIC "-//W3C//DTD XHTML 1.0 Transitional//EN"
    "http://www.w3.org/TR/xhtml1/DTD/xhtml1-transitional.dtd">
<html xmlns="http://www.w3.org/1999/xhtml" xml:lang="en" lang="en">
 <head>
  <title>
</title>
<meta http-equiv="Content-Type" content="text/html;charset=utf-8" />
  <meta name='ocr-system' content='tesseract 3.04.00' />
  <meta name='ocr-capabilities' content='ocr_page ocr_carea ocr_par ocr_line ocrx_word'/>
</head>
<body>
  <div class='ocr_page' id='page_1' title='image "actapontificumr00papagoog_0038.png"; bbox 0 0 3982 6194; ppageno 0'>
   <div class='ocr_carea' id='block_1_1' title="bbox 915 448 1074 523">
    <p class='ocr_par' dir='ltr' id='par_1_1' title="bbox 915 448 1074 523">
     <span class='ocr_line' id='line_1_1' title="bbox 915 448 1074 523; baseline 0.006 -1"><span class='ocrx_word' id='word_1_1' title='bbox 915 448 981 522; x_wconf 88' lang='lat' dir='ltr'><strong>Nr.</strong></span> <span class='ocrx_word' id='word_1_2' title='bbox 1013 453 1074 523; x_wconf 80' lang='lat'><strong>32.</strong></span> 
     </span>
    </p>
   </div>
   <div class='ocr_carea' id='block_1_2' title="bbox 154 596 1833 770">
    <p class='ocr_par' dir='ltr' id='par_1_2' title="bbox 154 596 1833 770">
     <span class='ocr_line' id='line_1_2' title="bbox 154 596 1833 683; baseline 0.004 -23"><span class='ocrx_word' id='word_1_3' title='bbox 154 597 330 661; x_wconf 78' lang='lat' dir='ltr'><strong>Paschalis</strong></span> <span class='ocrx_word' id='word_1_4' title='bbox 348 598 391 662; x_wconf 88' lang='lat' dir='ltr'><strong>ll</strong></span> <span class='ocrx_word' id='word_1_5' title='bbox 403 596 552 679; x_wconf 78' lang='lat' dir='ltr'><strong>bestc&#39;r&#39;tr&#39;gt</strong></span> <span class='ocrx_word' id='word_1_6' title='bbox 564 597 638 660; x_wconf 81' lang='lat' dir='ltr'><strong>dem</strong></span> <span class='ocrx_word' id='word_1_7' title='bbox 654 596 737 660; x_wconf 75' lang='lat' dir='ltr'><strong>Abte</strong></span> <span class='ocrx_word' id='word_1_8' title='bbox 762 598 911 661; x_wconf 76' lang='lat' dir='ltr'><strong>Willrdm</strong></span> <span class='ocrx_word' id='word_1_9' title='bbox 927 621 988 664; x_wconf 87' lang='lat' dir='ltr'><strong>von</strong></span> <span class='ocrx_word' id='word_1_10' title='bbox 1003 599 1201 680; x_wconf 75' lang='lat' dir='ltr'><strong>St-Cltaffre</strong></span> <span class='ocrx_word' id='word_1_11' title='bbox 1215 600 1274 675; x_wconf 88' lang='lat' dir='ltr'><strong>(D.</strong></span> <span class='ocrx_word' id='word_1_12' title='bbox 1292 601 1378 683; x_wconf 83' lang='lat' dir='ltr'><strong>Puy)</strong></span> <span class='ocrx_word' id='word_1_13' title='bbox 1400 600 1454 663; x_wconf 81' lang='lat' dir='ltr'><strong>die</strong></span> <span class='ocrx_word' id='word_1_14' title='bbox 1472 600 1707 664; x_wconf 72' lang='lat' dir='ltr'><strong>Besitztlzzimer</strong></span> <span class='ocrx_word' id='word_1_15' title='bbox 1729 603 1833 667; x_wconf 82' lang='lat' dir='ltr'><strong>seines</strong></span> 
     </span>
     <span class='ocr_line' id='line_1_3' title="bbox 217 685 1772 770; baseline 0.003 -20"><span class='ocrx_word' id='word_1_16' title='bbox 217 685 373 762; x_wconf 83' lang='lat' dir='ltr'><strong>Klosters,</strong></span> <span class='ocrx_word' id='word_1_17' title='bbox 397 688 505 766; x_wconf 67' lang='lat' dir='ltr'><strong>werfrir</strong></span> <span class='ocrx_word' id='word_1_18' title='bbox 517 709 552 749; x_wconf 83' lang='lat' dir='ltr'><strong>es</strong></span> <span class='ocrx_word' id='word_1_19' title='bbox 558 686 706 770; x_wconf 73' lang='lat' dir='ltr'><strong>jiihrliclr</strong></span> <span class='ocrx_word' id='word_1_20' title='bbox 715 687 806 767; x_wconf 76' lang='lat' dir='ltr'><strong>fimf</strong></span> <span class='ocrx_word' id='word_1_21' title='bbox 813 686 923 752; x_wconf 83' lang='lat' dir='ltr'><strong>Solidi</strong></span> <span class='ocrx_word' id='word_1_22' title='bbox 935 711 979 752; x_wconf 88' lang='lat' dir='ltr'><strong>an</strong></span> <span class='ocrx_word' id='word_1_23' title='bbox 993 689 1054 754; x_wconf 80' lang='lat' dir='ltr'><strong>den</strong></span> <span class='ocrx_word' id='word_1_24' title='bbox 1072 688 1377 753; x_wconf 81' lang='lat' dir='ltr'><strong>Lateranensisclren</strong></span> <span class='ocrx_word' id='word_1_25' title='bbox 1394 689 1509 753; x_wconf 86' lang='lat' dir='ltr'><strong>Palast</strong></span> <span class='ocrx_word' id='word_1_26' title='bbox 1522 711 1561 752; x_wconf 71' lang='lat' dir='ltr'><strong>au</strong></span> <span class='ocrx_word' id='word_1_27' title='bbox 1576 690 1692 754; x_wconf 72' lang='lat' dir='ltr'><strong>sahlen</strong></span> <span class='ocrx_word' id='word_1_28' title='bbox 1707 691 1772 755; x_wconf 80' lang='lat' dir='ltr'><strong>hat.</strong></span> 
     </span>
    </p>
   </div>
   <div class='ocr_carea' id='block_1_3' title="bbox 770 822 1233 886">
    <p class='ocr_par' dir='ltr' id='par_1_3' title="bbox 770 822 1233 886">
     <span class='ocr_line' id='line_1_4' title="bbox 770 822 1233 886; baseline 0.009 -4"><span class='ocrx_word' id='word_1_29' title='bbox 770 824 849 883; x_wconf 80' lang='grc'><strong><em>1165</em></strong></span> <span class='ocrx_word' id='word_1_30' title='bbox 866 822 963 886; x_wconf 75' lang='lat' dir='ltr'><strong>Miirz</strong></span> <span class='ocrx_word' id='word_1_31' title='bbox 980 826 1036 886; x_wconf 77' lang='lat'><strong>24.</strong></span> <span class='ocrx_word' id='word_1_32' title='bbox 1083 824 1233 886; x_wconf 82' lang='lat' dir='ltr'><strong>Lateran.</strong></span> 
     </span>
    </p>
   </div>
   <div class='ocr_carea' id='block_1_4' title="bbox 153 954 1907 4085">
    <p class='ocr_par' dir='ltr' id='par_1_4' title="bbox 153 954 1907 3986">
     <span class='ocr_line' id='line_1_5' title="bbox 318 954 1831 1037; baseline 0.002 -20"><span class='ocrx_word' id='word_1_33' title='bbox 318 954 481 1018; x_wconf 90' lang='lat' dir='ltr'><strong>Paschalis</strong></span> <span class='ocrx_word' id='word_1_34' title='bbox 513 958 703 1037; x_wconf 77' lang='lat' dir='ltr'><strong>episcopm,</strong></span> <span class='ocrx_word' id='word_1_35' title='bbox 735 976 846 1018; x_wconf 89' lang='lat' dir='ltr'><strong>servus</strong></span> <span class='ocrx_word' id='word_1_36' title='bbox 879 977 1045 1021; x_wconf 90' lang='lat' dir='ltr'><strong>servorum</strong></span> <span class='ocrx_word' id='word_1_37' title='bbox 1077 958 1146 1031; x_wconf 86' lang='lat' dir='ltr'><strong>dei,</strong></span> <span class='ocrx_word' id='word_1_38' title='bbox 1188 956 1378 1020; x_wconf 89' lang='lat' dir='ltr'><strong>charissimo</strong></span> <span class='ocrx_word' id='word_1_39' title='bbox 1408 956 1474 1020; x_wconf 90' lang='lat' dir='ltr'><strong>filio</strong></span> <span class='ocrx_word' id='word_1_40' title='bbox 1507 955 1687 1031; x_wconf 89' lang='lat' dir='ltr'><strong>Wilierm0,</strong></span> <span class='ocrx_word' id='word_1_41' title='bbox 1718 958 1831 1021; x_wconf 88' lang='lat' dir='ltr'><strong>abbati</strong></span> 
     </span>
     <span class='ocr_line' id='line_1_6' title="bbox 153 1044 1832 1129; baseline 0.003 -24"><span class='ocrx_word' id='word_1_42' title='bbox 153 1044 350 1107; x_wconf 88' lang='lat' dir='ltr'><strong>venerabilis</strong></span> <span class='ocrx_word' id='word_1_43' title='bbox 383 1047 567 1108; x_wconf 89' lang='lat' dir='ltr'><strong>monasterii</strong></span> <span class='ocrx_word' id='word_1_44' title='bbox 599 1047 702 1107; x_wconf 90' lang='lat' dir='ltr'><strong>sancti</strong></span> <span class='ocrx_word' id='word_1_45' title='bbox 727 1045 906 1109; x_wconf 83' lang='lat' dir='ltr'><strong>Theolredi</strong></span> <span class='ocrx_word' id='word_1_46' title='bbox 933 1048 967 1126; x_wconf 85' lang='lat'><strong>¹),</strong></span> <span class='ocrx_word' id='word_1_47' title='bbox 998 1048 1088 1127; x_wconf 94' lang='lat' dir='ltr'><strong>quod</strong></span> <span class='ocrx_word' id='word_1_48' title='bbox 1120 1050 1152 1109; x_wconf 94' lang='lat' dir='ltr'><strong>in</strong></span> <span class='ocrx_word' id='word_1_49' title='bbox 1184 1068 1271 1129; x_wconf 88' lang='lat' dir='ltr'><strong>pago</strong></span> <span class='ocrx_word' id='word_1_50' title='bbox 1296 1045 1462 1109; x_wconf 85' lang='lat' dir='ltr'><strong>Aniciensi</strong></span> <span class='ocrx_word' id='word_1_51' title='bbox 1486 1046 1581 1108; x_wconf 93' lang='lat' dir='ltr'><strong>situm</strong></span> <span class='ocrx_word' id='word_1_52' title='bbox 1606 1054 1664 1120; x_wconf 88' lang='lat' dir='ltr'><strong>est,</strong></span> <span class='ocrx_word' id='word_1_53' title='bbox 1696 1049 1832 1126; x_wconf 91' lang='lat' dir='ltr'><strong>eiusque</strong></span> 
     </span>
     <span class='ocr_line' id='line_1_7' title="bbox 154 1134 1907 1218; baseline 0.002 -23"><span class='ocrx_word' id='word_1_54' title='bbox 154 1134 402 1196; x_wconf 86' lang='lat' dir='ltr'><strong>successoribus</strong></span> <span class='ocrx_word' id='word_1_55' title='bbox 432 1135 621 1216; x_wconf 83' lang='lat' dir='ltr'>regulariter</span> <span class='ocrx_word' id='word_1_56' title='bbox 656 1137 899 1215; x_wconf 89' lang='lat' dir='ltr'><strong>promovendis,</strong></span> <span class='ocrx_word' id='word_1_57' title='bbox 926 1136 958 1198; x_wconf 92' lang='lat' dir='ltr'><strong>in</strong></span> <span class='ocrx_word' id='word_1_58' title='bbox 982 1143 1187 1218; x_wconf 91' lang='lat' dir='ltr'><strong>perpetuum.</strong></span> <span class='ocrx_word' id='word_1_59' title='bbox 1234 1134 1326 1198; x_wconf 87' lang='lat' dir='ltr'><strong>Sicut</strong></span> <span class='ocrx_word' id='word_1_60' title='bbox 1349 1137 1466 1198; x_wconf 91' lang='lat' dir='ltr'><strong>iniusta</strong></span> <span class='ocrx_word' id='word_1_61' title='bbox 1489 1135 1703 1216; x_wconf 91' lang='lat' dir='ltr'><strong>poscentibus</strong></span> <span class='ocrx_word' id='word_1_62' title='bbox 1731 1135 1835 1199; x_wconf 90' lang='lat' dir='ltr'><strong>nullus</strong></span> <span class='ocrx_word' id='word_1_63' title='bbox 1906 1183 1907 1186; x_wconf 63' lang='lat'><strong>,</strong></span> 
     </span>
     <span class='ocr_line' id='line_1_8' title="bbox 154 1223 1834 1306; baseline 0.002 -21"><span class='ocrx_word' id='word_1_64' title='bbox 154 1232 205 1285; x_wconf 92' lang='lat' dir='ltr'><strong>est</strong></span> <span class='ocrx_word' id='word_1_65' title='bbox 221 1223 416 1285; x_wconf 90' lang='lat' dir='ltr'><strong>tribuendus</strong></span> <span class='ocrx_word' id='word_1_66' title='bbox 437 1223 581 1298; x_wconf 83' lang='lat' dir='ltr'><strong>effectus,</strong></span> <span class='ocrx_word' id='word_1_67' title='bbox 604 1225 652 1285; x_wconf 90' lang='lat' dir='ltr'><strong>sic</strong></span> <span class='ocrx_word' id='word_1_68' title='bbox 674 1223 819 1306; x_wconf 90' lang='lat' dir='ltr'><strong>legitima</strong></span> <span class='ocrx_word' id='word_1_69' title='bbox 842 1226 1088 1289; x_wconf 89' lang='lat' dir='ltr'><strong>disiderantium</strong></span> <span class='ocrx_word' id='word_1_70' title='bbox 1113 1247 1176 1289; x_wconf 91' lang='lat' dir='ltr'><strong>non</strong></span> <span class='ocrx_word' id='word_1_71' title='bbox 1193 1235 1243 1288; x_wconf 91' lang='lat' dir='ltr'><strong>est</strong></span> <span class='ocrx_word' id='word_1_72' title='bbox 1259 1224 1439 1287; x_wconf 84' lang='lat' dir='ltr'><strong>differenda</strong></span> <span class='ocrx_word' id='word_1_73' title='bbox 1463 1225 1586 1305; x_wconf 84' lang='lat' dir='ltr'><strong>petitio</strong></span> <span class='ocrx_word' id='word_1_74' title='bbox 1626 1224 1705 1286; x_wconf 87' lang='lat' dir='ltr'><strong>Tuis</strong></span> <span class='ocrx_word' id='word_1_75' title='bbox 1729 1227 1834 1306; x_wconf 91' lang='lat' dir='ltr'><strong>igitur,</strong></span> 
     </span>
     <span class='ocr_line' id='line_1_9' title="bbox 155 1312 1833 1396; baseline 0.002 -23"><span class='ocrx_word' id='word_1_76' title='bbox 155 1312 368 1375; x_wconf 84' lang='lat' dir='ltr'><strong>dilectissime</strong></span> <span class='ocrx_word' id='word_1_77' title='bbox 393 1313 443 1386; x_wconf 86' lang='lat' dir='ltr'><strong>fili,</strong></span> <span class='ocrx_word' id='word_1_78' title='bbox 476 1314 565 1375; x_wconf 88' lang='lat' dir='ltr'><strong>iustis</strong></span> <span class='ocrx_word' id='word_1_79' title='bbox 590 1313 802 1395; x_wconf 86' lang='lat' dir='ltr'><strong>petitionibus</strong></span> <span class='ocrx_word' id='word_1_80' title='bbox 826 1324 1013 1390; x_wconf 86' lang='lat' dir='ltr'><strong>annuentes,</strong></span> <span class='ocrx_word' id='word_1_81' title='bbox 1044 1315 1101 1377; x_wconf 93' lang='lat' dir='ltr'><strong>tibi</strong></span> <span class='ocrx_word' id='word_1_82' title='bbox 1132 1317 1261 1396; x_wconf 88' lang='lat' dir='ltr'><strong>tuisque</strong></span> <span class='ocrx_word' id='word_1_83' title='bbox 1292 1314 1444 1395; x_wconf 86' lang='lat' dir='ltr'><strong>legitimis</strong></span> <span class='ocrx_word' id='word_1_84' title='bbox 1477 1312 1719 1376; x_wconf 89' lang='lat' dir='ltr'><strong>successoribus</strong></span> <span class='ocrx_word' id='word_1_85' title='bbox 1744 1315 1833 1377; x_wconf 90' lang='lat' dir='ltr'><strong>beati</strong></span> 
     </span>
     <span class='ocr_line' id='line_1_10' title="bbox 156 1401 1834 1485; baseline 0.001 -22"><span class='ocrx_word' id='word_1_86' title='bbox 156 1404 310 1481; x_wconf 90' lang='lat' dir='ltr'><strong>martyris</strong></span> <span class='ocrx_word' id='word_1_87' title='bbox 327 1401 506 1465; x_wconf 86' lang='lat' dir='ltr'><strong>Theolredi</strong></span> <span class='ocrx_word' id='word_1_88' title='bbox 525 1405 756 1465; x_wconf 89' lang='lat' dir='ltr'><strong>monasterium</strong></span> <span class='ocrx_word' id='word_1_89' title='bbox 773 1410 807 1464; x_wconf 91' lang='lat' dir='ltr'><strong>et</strong></span> <span class='ocrx_word' id='word_1_90' title='bbox 822 1423 1049 1484; x_wconf 89' lang='lat' dir='ltr'><strong>quaecumque</strong></span> <span class='ocrx_word' id='word_1_91' title='bbox 1065 1405 1106 1467; x_wconf 90' lang='lat' dir='ltr'><strong>ad</strong></span> <span class='ocrx_word' id='word_1_92' title='bbox 1125 1406 1212 1466; x_wconf 92' lang='lat' dir='ltr'><strong>idem</strong></span> <span class='ocrx_word' id='word_1_93' title='bbox 1236 1406 1398 1485; x_wconf 86' lang='lat' dir='ltr'><strong>pertinent</strong></span> <span class='ocrx_word' id='word_1_94' title='bbox 1414 1404 1443 1464; x_wconf 91' lang='lat' dir='ltr'><strong>in</strong></span> <span class='ocrx_word' id='word_1_95' title='bbox 1468 1402 1557 1465; x_wconf 91' lang='lat' dir='ltr'><strong>cellis</strong></span> <span class='ocrx_word' id='word_1_96' title='bbox 1573 1412 1606 1465; x_wconf 91' lang='lat' dir='ltr'><strong>et</strong></span> <span class='ocrx_word' id='word_1_97' title='bbox 1629 1403 1658 1464; x_wconf 92' lang='lat' dir='ltr'><strong>in</strong></span> <span class='ocrx_word' id='word_1_98' title='bbox 1683 1403 1834 1478; x_wconf 77' lang='lat' dir='ltr'><strong>ecclesiiS,</strong></span> 
     </span>
     <span class='ocr_line' id='line_1_11' title="bbox 155 1489 1833 1574; baseline 0.003 -23"><span class='ocrx_word' id='word_1_99' title='bbox 155 1492 186 1552; x_wconf 91' lang='lat' dir='ltr'><strong>in</strong></span> <span class='ocrx_word' id='word_1_100' title='bbox 211 1489 304 1564; x_wconf 89' lang='lat' dir='ltr'><strong>villis,</strong></span> <span class='ocrx_word' id='word_1_101' title='bbox 328 1492 434 1570; x_wconf 87' lang='lat' dir='ltr'><strong>sylvis,</strong></span> <span class='ocrx_word' id='word_1_102' title='bbox 460 1493 570 1573; x_wconf 90' lang='lat' dir='ltr'><strong>pratis,</strong></span> <span class='ocrx_word' id='word_1_103' title='bbox 593 1493 679 1573; x_wconf 89' lang='lat' dir='ltr'><strong>agris</strong></span> <span class='ocrx_word' id='word_1_104' title='bbox 703 1493 797 1554; x_wconf 90' lang='lat' dir='ltr'><strong>cultis</strong></span> <span class='ocrx_word' id='word_1_105' title='bbox 821 1502 854 1554; x_wconf 88' lang='lat' dir='ltr'><strong>et</strong></span> <span class='ocrx_word' id='word_1_106' title='bbox 877 1493 1015 1567; x_wconf 89' lang='lat' dir='ltr'><strong>incultis,</strong></span> <span class='ocrx_word' id='word_1_107' title='bbox 1039 1497 1071 1557; x_wconf 92' lang='lat' dir='ltr'><strong>in</strong></span> <span class='ocrx_word' id='word_1_108' title='bbox 1096 1495 1188 1572; x_wconf 87' lang='lat' dir='ltr'><strong>aquis</strong></span> <span class='ocrx_word' id='word_1_109' title='bbox 1204 1512 1428 1574; x_wconf 87' lang='lat' dir='ltr'><strong>aquarumque</strong></span> <span class='ocrx_word' id='word_1_110' title='bbox 1445 1492 1644 1565; x_wconf 69' lang='lat' dir='ltr'><strong>decursibus</strong></span> <span class='ocrx_word' id='word_1_111' title='bbox 1667 1502 1833 1573; x_wconf 86' lang='lat' dir='ltr'><strong>potestate</strong></span> 
     </span>
     <span class='ocr_line' id='line_1_12' title="bbox 155 1579 1834 1664; baseline 0.001 -22"><span class='ocrx_word' id='word_1_112' title='bbox 155 1582 258 1642; x_wconf 91' lang='lat' dir='ltr'><strong>nostri</strong></span> <span class='ocrx_word' id='word_1_113' title='bbox 284 1579 385 1643; x_wconf 85' lang='lat' dir='ltr'><strong>officii</strong></span> <span class='ocrx_word' id='word_1_114' title='bbox 410 1580 648 1644; x_wconf 86' lang='lat' dir='ltr'><strong>confirmamus.</strong></span> <span class='ocrx_word' id='word_1_115' title='bbox 696 1581 757 1644; x_wconf 90' lang='lat' dir='ltr'><strong>Per</strong></span> <span class='ocrx_word' id='word_1_116' title='bbox 781 1591 985 1663; x_wconf 88' lang='lat' dir='ltr'><strong>praesentem</strong></span> <span class='ocrx_word' id='word_1_117' title='bbox 1018 1585 1115 1664; x_wconf 87' lang='lat' dir='ltr'><strong>igitur</strong></span> <span class='ocrx_word' id='word_1_118' title='bbox 1146 1585 1247 1645; x_wconf 90' lang='lat' dir='ltr'><strong>nostri</strong></span> <span class='ocrx_word' id='word_1_119' title='bbox 1278 1582 1433 1664; x_wconf 86' lang='lat' dir='ltr'><strong>privilegii</strong></span> <span class='ocrx_word' id='word_1_120' title='bbox 1467 1581 1618 1664; x_wconf 84' lang='lat' dir='ltr'><strong>paginam</strong></span> <span class='ocrx_word' id='word_1_121' title='bbox 1653 1582 1834 1662; x_wconf 90' lang='lat' dir='ltr'><strong>apostolica</strong></span> 
     </span>
     <span class='ocr_line' id='line_1_13' title="bbox 155 1667 1833 1753; baseline 0.001 -22"><span class='ocrx_word' id='word_1_122' title='bbox 155 1667 355 1731; x_wconf 90' lang='lat' dir='ltr'><strong>authoritate</strong></span> <span class='ocrx_word' id='word_1_123' title='bbox 385 1673 572 1743; x_wconf 76' lang='lat' dir='ltr'><strong>statuimuS,</strong></span> <span class='ocrx_word' id='word_1_124' title='bbox 605 1678 649 1746; x_wconf 88' lang='lat' dir='ltr'><strong>ut,</strong></span> <span class='ocrx_word' id='word_1_125' title='bbox 680 1689 907 1752; x_wconf 88' lang='lat' dir='ltr'><strong>quaecumque</strong></span> <span class='ocrx_word' id='word_1_126' title='bbox 939 1672 1039 1735; x_wconf 90' lang='lat' dir='ltr'><strong>hodie</strong></span> <span class='ocrx_word' id='word_1_127' title='bbox 1070 1673 1157 1734; x_wconf 91' lang='lat' dir='ltr'><strong>idem</strong></span> <span class='ocrx_word' id='word_1_128' title='bbox 1189 1671 1385 1734; x_wconf 91' lang='lat' dir='ltr'><strong>coenobium</strong></span> <span class='ocrx_word' id='word_1_129' title='bbox 1415 1673 1497 1733; x_wconf 91' lang='lat' dir='ltr'><strong>iuste</strong></span> <span class='ocrx_word' id='word_1_130' title='bbox 1529 1671 1676 1753; x_wconf 89' lang='lat' dir='ltr'><strong>possidet</strong></span> <span class='ocrx_word' id='word_1_131' title='bbox 1706 1672 1773 1734; x_wconf 89' lang='lat' dir='ltr'><strong>sive</strong></span> <span class='ocrx_word' id='word_1_132' title='bbox 1803 1672 1833 1732; x_wconf 93' lang='lat' dir='ltr'><strong>in</strong></span> 
     </span>
     <span class='ocr_line' id='line_1_14' title="bbox 156 1758 1833 1843; baseline 0.002 -24"><span class='ocrx_word' id='word_1_133' title='bbox 156 1761 333 1820; x_wconf 88' lang='lat' dir='ltr'><strong>crastinum</strong></span> <span class='ocrx_word' id='word_1_134' title='bbox 365 1760 576 1822; x_wconf 91' lang='lat' dir='ltr'><strong>concessione</strong></span> <span class='ocrx_word' id='word_1_135' title='bbox 608 1760 815 1842; x_wconf 86' lang='lat' dir='ltr'><strong>pontificum,</strong></span> <span class='ocrx_word' id='word_1_136' title='bbox 848 1761 1039 1825; x_wconf 89' lang='lat' dir='ltr'><strong>liberalitate</strong></span> <span class='ocrx_word' id='word_1_137' title='bbox 1071 1762 1253 1843; x_wconf 90' lang='lat' dir='ltr'><strong>principum</strong></span> <span class='ocrx_word' id='word_1_138' title='bbox 1286 1761 1337 1822; x_wconf 89' lang='lat' dir='ltr'><strong>vel</strong></span> <span class='ocrx_word' id='word_1_139' title='bbox 1371 1760 1541 1823; x_wconf 91' lang='lat' dir='ltr'><strong>oblatione</strong></span> <span class='ocrx_word' id='word_1_140' title='bbox 1574 1758 1719 1822; x_wconf 86' lang='lat' dir='ltr'><strong>fidelium</strong></span> <span class='ocrx_word' id='word_1_141' title='bbox 1750 1762 1833 1823; x_wconf 89' lang='lat' dir='ltr'><strong>iuste</strong></span> 
     </span>
     <span class='ocr_line' id='line_1_15' title="bbox 155 1848 1833 1932; baseline 0 -22"><span class='ocrx_word' id='word_1_142' title='bbox 155 1857 255 1927; x_wconf 88' lang='lat' dir='ltr'><strong>atque</strong></span> <span class='ocrx_word' id='word_1_143' title='bbox 279 1851 436 1911; x_wconf 90' lang='lat' dir='ltr'><strong>canonice</strong></span> <span class='ocrx_word' id='word_1_144' title='bbox 459 1849 579 1931; x_wconf 92' lang='lat' dir='ltr'><strong>poterit</strong></span> <span class='ocrx_word' id='word_1_145' title='bbox 602 1849 748 1932; x_wconf 91' lang='lat' dir='ltr'><strong>adipisci,</strong></span> <span class='ocrx_word' id='word_1_146' title='bbox 781 1848 874 1912; x_wconf 89' lang='lat' dir='ltr'><strong>firma</strong></span> <span class='ocrx_word' id='word_1_147' title='bbox 897 1850 955 1913; x_wconf 93' lang='lat' dir='ltr'><strong>tibi</strong></span> <span class='ocrx_word' id='word_1_148' title='bbox 979 1853 1108 1930; x_wconf 92' lang='lat' dir='ltr'><strong>tuisque</strong></span> <span class='ocrx_word' id='word_1_149' title='bbox 1131 1849 1374 1913; x_wconf 91' lang='lat' dir='ltr'><strong>successoribus</strong></span> <span class='ocrx_word' id='word_1_150' title='bbox 1403 1858 1436 1912; x_wconf 91' lang='lat' dir='ltr'><strong>et</strong></span> <span class='ocrx_word' id='word_1_151' title='bbox 1467 1848 1590 1911; x_wconf 88' lang='lat' dir='ltr'><strong>illibata</strong></span> <span class='ocrx_word' id='word_1_152' title='bbox 1613 1858 1833 1930; x_wconf 91' lang='lat' dir='ltr'><strong>permaneant.</strong></span> 
     </span>
     <span class='ocr_line' id='line_1_16' title="bbox 155 1937 1833 2025; baseline 0.001 -27"><span class='ocrx_word' id='word_1_153' title='bbox 155 1937 373 1999; x_wconf 91' lang='lat' dir='ltr'><strong>Decernimus</strong></span> <span class='ocrx_word' id='word_1_154' title='bbox 390 1958 479 2020; x_wconf 92' lang='lat' dir='ltr'><strong>ergo,</strong></span> <span class='ocrx_word' id='word_1_155' title='bbox 504 1948 538 2000; x_wconf 94' lang='lat' dir='ltr'><strong>ut</strong></span> <span class='ocrx_word' id='word_1_156' title='bbox 563 1938 641 2000; x_wconf 93' lang='lat' dir='ltr'><strong>nulli</strong></span> <span class='ocrx_word' id='word_1_157' title='bbox 666 1941 799 2025; x_wconf 86' lang='lat' dir='ltr'><strong>omnino</strong></span> <span class='ocrx_word' id='word_1_158' title='bbox 823 1940 991 2002; x_wconf 90' lang='lat' dir='ltr'><strong>hominum</strong></span> <span class='ocrx_word' id='word_1_159' title='bbox 1016 1941 1121 2015; x_wconf 91' lang='lat' dir='ltr'><strong>liceat,</strong></span> <span class='ocrx_word' id='word_1_160' title='bbox 1144 1940 1232 2002; x_wconf 89' lang='lat' dir='ltr'><strong>idem</strong></span> <span class='ocrx_word' id='word_1_161' title='bbox 1251 1941 1483 2001; x_wconf 84' lang='lat' dir='ltr'><strong>monasterium</strong></span> <span class='ocrx_word' id='word_1_162' title='bbox 1500 1946 1625 2000; x_wconf 89' lang='lat' dir='ltr'><strong>temere</strong></span> <span class='ocrx_word' id='word_1_163' title='bbox 1641 1938 1833 2019; x_wconf 89' lang='lat' dir='ltr'><strong>perturbare</strong></span> 
     </span>
     <span class='ocr_line' id='line_1_17' title="bbox 156 2027 1833 2109; baseline 0.001 -21"><span class='ocrx_word' id='word_1_164' title='bbox 156 2035 211 2089; x_wconf 87' lang='lat' dir='ltr'><strong>aut</strong></span> <span class='ocrx_word' id='word_1_165' title='bbox 234 2028 305 2088; x_wconf 91' lang='lat' dir='ltr'><strong>eius</strong></span> <span class='ocrx_word' id='word_1_166' title='bbox 329 2030 555 2109; x_wconf 90' lang='lat' dir='ltr'><strong>possessiones</strong></span> <span class='ocrx_word' id='word_1_167' title='bbox 583 2027 709 2091; x_wconf 84' lang='lat' dir='ltr'><strong>auferre</strong></span> <span class='ocrx_word' id='word_1_168' title='bbox 740 2028 791 2091; x_wconf 92' lang='lat' dir='ltr'><strong>vel</strong></span> <span class='ocrx_word' id='word_1_169' title='bbox 815 2028 940 2092; x_wconf 89' lang='lat' dir='ltr'><strong>ablatas</strong></span> <span class='ocrx_word' id='word_1_170' title='bbox 968 2032 1120 2102; x_wconf 89' lang='lat' dir='ltr'><strong>retinere,</strong></span> <span class='ocrx_word' id='word_1_171' title='bbox 1155 2029 1298 2091; x_wconf 91' lang='lat' dir='ltr'><strong>minuere</strong></span> <span class='ocrx_word' id='word_1_172' title='bbox 1321 2027 1372 2090; x_wconf 89' lang='lat' dir='ltr'><strong>vel</strong></span> <span class='ocrx_word' id='word_1_173' title='bbox 1404 2028 1583 2090; x_wconf 87' lang='lat' dir='ltr'><strong>temerariis</strong></span> <span class='ocrx_word' id='word_1_174' title='bbox 1606 2029 1833 2090; x_wconf 88' lang='lat' dir='ltr'><strong>vexationibus</strong></span> 
     </span>
     <span class='ocr_line' id='line_1_18' title="bbox 157 2116 1834 2200; baseline 0.002 -24"><span class='ocrx_word' id='word_1_175' title='bbox 157 2116 303 2197; x_wconf 80' lang='lat' dir='ltr'><strong>fatigare,</strong></span> <span class='ocrx_word' id='word_1_176' title='bbox 328 2117 386 2178; x_wconf 93' lang='lat' dir='ltr'><strong>sed</strong></span> <span class='ocrx_word' id='word_1_177' title='bbox 405 2119 515 2179; x_wconf 90' lang='lat' dir='ltr'><strong>omnia</strong></span> <span class='ocrx_word' id='word_1_178' title='bbox 530 2118 655 2198; x_wconf 90' lang='lat' dir='ltr'><strong>integra</strong></span> <span class='ocrx_word' id='word_1_179' title='bbox 670 2128 902 2180; x_wconf 89' lang='lat' dir='ltr'><strong>conserventur</strong></span> <span class='ocrx_word' id='word_1_180' title='bbox 917 2139 1040 2193; x_wconf 91' lang='lat' dir='ltr'><strong>eorum,</strong></span> <span class='ocrx_word' id='word_1_181' title='bbox 1057 2140 1118 2200; x_wconf 91' lang='lat' dir='ltr'><strong>pro</strong></span> <span class='ocrx_word' id='word_1_182' title='bbox 1134 2138 1274 2197; x_wconf 91' lang='lat' dir='ltr'><strong>quorum</strong></span> <span class='ocrx_word' id='word_1_183' title='bbox 1290 2119 1527 2180; x_wconf 90' lang='lat' dir='ltr'><strong>sustentatione</strong></span> <span class='ocrx_word' id='word_1_184' title='bbox 1542 2137 1580 2178; x_wconf 89' lang='lat' dir='ltr'><strong>ac</strong></span> <span class='ocrx_word' id='word_1_185' title='bbox 1597 2117 1834 2197; x_wconf 86' lang='lat' dir='ltr'><strong>gubernatione</strong></span> 
     </span>
     <span class='ocr_line' id='line_1_19' title="bbox 156 2206 1833 2288; baseline 0.002 -22"><span class='ocrx_word' id='word_1_186' title='bbox 156 2224 315 2267; x_wconf 88' lang='lat' dir='ltr'><strong>concessa</strong></span> <span class='ocrx_word' id='word_1_187' title='bbox 338 2215 420 2280; x_wconf 92' lang='lat' dir='ltr'><strong>sunt,</strong></span> <span class='ocrx_word' id='word_1_188' title='bbox 453 2206 563 2268; x_wconf 88' lang='lat' dir='ltr'><strong>usibus</strong></span> <span class='ocrx_word' id='word_1_189' title='bbox 590 2207 788 2269; x_wconf 90' lang='lat' dir='ltr'><strong>omnimodis</strong></span> <span class='ocrx_word' id='word_1_190' title='bbox 812 2207 992 2288; x_wconf 81' lang='lat' dir='ltr'><strong>profutura.</strong></span> <span class='ocrx_word' id='word_1_191' title='bbox 1038 2206 1094 2269; x_wconf 84' lang='lat' dir='ltr'><strong>Ad</strong></span> <span class='ocrx_word' id='word_1_192' title='bbox 1127 2207 1208 2269; x_wconf 89' lang='lat' dir='ltr'><strong>haec</strong></span> <span class='ocrx_word' id='word_1_193' title='bbox 1238 2208 1409 2270; x_wconf 91' lang='lat' dir='ltr'><strong>adicimus:</strong></span> <span class='ocrx_word' id='word_1_194' title='bbox 1449 2206 1618 2269; x_wconf 91' lang='lat' dir='ltr'><strong>ecclesiam</strong></span> <span class='ocrx_word' id='word_1_195' title='bbox 1651 2206 1692 2267; x_wconf 91' lang='lat' dir='ltr'><strong>de</strong></span> <span class='ocrx_word' id='word_1_196' title='bbox 1725 2217 1833 2269; x_wconf 90' lang='lat' dir='ltr'><strong>castro</strong></span> 
     </span>
     <span class='ocr_line' id='line_1_20' title="bbox 157 2291 1830 2378; baseline 0 -21"><span class='ocrx_word' id='word_1_197' title='bbox 157 2291 332 2357; x_wconf 86' lang='lat' dir='ltr'><strong>Severiaco</strong></span> <span class='ocrx_word' id='word_1_198' title='bbox 355 2297 457 2356; x_wconf 85' lang='lat' dir='ltr'><strong>sancti</strong></span> <span class='ocrx_word' id='word_1_199' title='bbox 482 2293 657 2358; x_wconf 83' lang='lat' dir='ltr'><strong>Salvatoris</strong></span> <span class='ocrx_word' id='word_1_200' title='bbox 682 2316 756 2358; x_wconf 94' lang='lat' dir='ltr'><strong>cum</strong></span> <span class='ocrx_word' id='word_1_201' title='bbox 780 2297 844 2358; x_wconf 91' lang='lat' dir='ltr'><strong>suis</strong></span> <span class='ocrx_word' id='word_1_202' title='bbox 868 2297 1108 2378; x_wconf 71' lang='lat' dir='ltr'><strong>dependentia,</strong></span> <span class='ocrx_word' id='word_1_203' title='bbox 1139 2299 1223 2358; x_wconf 91' lang='lat' dir='ltr'><strong>sicut</strong></span> <span class='ocrx_word' id='word_1_204' title='bbox 1255 2294 1497 2359; x_wconf 89' lang='lat' dir='ltr'><strong>aRuthenensi</strong></span> <span class='ocrx_word' id='word_1_205' title='bbox 1516 2295 1540 2374; x_wconf 70' lang='lat'><strong>³)</strong></span> <span class='ocrx_word' id='word_1_206' title='bbox 1571 2296 1731 2377; x_wconf 90' lang='lat' dir='ltr'><strong>episcopo</strong></span> <span class='ocrx_word' id='word_1_207' title='bbox 1756 2316 1830 2357; x_wconf 91' lang='lat' dir='ltr'><strong>cum</strong></span> 
     </span>
     <span class='ocr_line' id='line_1_21' title="bbox 157 2383 1834 2466; baseline 0.001 -21"><span class='ocrx_word' id='word_1_208' title='bbox 157 2383 349 2446; x_wconf 91' lang='lat' dir='ltr'><strong>clericorum</strong></span> <span class='ocrx_word' id='word_1_209' title='bbox 365 2405 497 2446; x_wconf 90' lang='lat' dir='ltr'><strong>suorum</strong></span> <span class='ocrx_word' id='word_1_210' title='bbox 516 2385 721 2447; x_wconf 88' lang='lat' dir='ltr'><strong>conniventia</strong></span> <span class='ocrx_word' id='word_1_211' title='bbox 737 2385 825 2448; x_wconf 91' lang='lat' dir='ltr'><strong>urbis</strong></span> <span class='ocrx_word' id='word_1_212' title='bbox 841 2406 1000 2449; x_wconf 90' lang='lat' dir='ltr'><strong>concessa</strong></span> <span class='ocrx_word' id='word_1_213' title='bbox 1016 2394 1077 2460; x_wconf 90' lang='lat' dir='ltr'><strong>est;</strong></span> <span class='ocrx_word' id='word_1_214' title='bbox 1102 2387 1273 2448; x_wconf 88' lang='lat' dir='ltr'><strong>ecclesiam</strong></span> <span class='ocrx_word' id='word_1_215' title='bbox 1297 2405 1430 2466; x_wconf 93' lang='lat' dir='ltr'><strong>quoque</strong></span> <span class='ocrx_word' id='word_1_216' title='bbox 1447 2386 1490 2447; x_wconf 89' lang='lat' dir='ltr'><strong>de</strong></span> <span class='ocrx_word' id='word_1_217' title='bbox 1505 2384 1664 2458; x_wconf 90' lang='lat' dir='ltr'><strong>Cervaria,</strong></span> <span class='ocrx_word' id='word_1_218' title='bbox 1682 2405 1767 2464; x_wconf 91' lang='lat' dir='ltr'><strong>quae</strong></span> <span class='ocrx_word' id='word_1_219' title='bbox 1784 2392 1834 2446; x_wconf 91' lang='lat' dir='ltr'><strong>est</strong></span> 
     </span>
     <span class='ocr_line' id='line_1_22' title="bbox 156 2474 1833 2556; baseline 0 -21"><span class='ocrx_word' id='word_1_220' title='bbox 156 2475 186 2534; x_wconf 92' lang='lat' dir='ltr'><strong>in</strong></span> <span class='ocrx_word' id='word_1_221' title='bbox 203 2475 398 2555; x_wconf 90' lang='lat' dir='ltr'><strong>episcopatu</strong></span> <span class='ocrx_word' id='word_1_222' title='bbox 416 2474 605 2537; x_wconf 89' lang='lat' dir='ltr'><strong>Taurinensi</strong></span> <span class='ocrx_word' id='word_1_223' title='bbox 623 2474 661 2551; x_wconf 81' lang='lat'><strong>³),</strong></span> <span class='ocrx_word' id='word_1_224' title='bbox 684 2484 827 2537; x_wconf 90' lang='lat' dir='ltr'><strong>vestrum</strong></span> <span class='ocrx_word' id='word_1_225' title='bbox 845 2478 1078 2539; x_wconf 89' lang='lat' dir='ltr'><strong>monasterium</strong></span> <span class='ocrx_word' id='word_1_226' title='bbox 1095 2478 1204 2555; x_wconf 89' lang='lat' dir='ltr'><strong>quiete</strong></span> <span class='ocrx_word' id='word_1_227' title='bbox 1228 2495 1359 2556; x_wconf 89' lang='lat' dir='ltr'><strong>semper</strong></span> <span class='ocrx_word' id='word_1_228' title='bbox 1375 2474 1541 2556; x_wconf 90' lang='lat' dir='ltr'><strong>libereque</strong></span> <span class='ocrx_word' id='word_1_229' title='bbox 1557 2474 1726 2555; x_wconf 88' lang='lat' dir='ltr'><strong>possideat</strong></span> <span class='ocrx_word' id='word_1_230' title='bbox 1742 2474 1833 2535; x_wconf 89' lang='lat' dir='ltr'><strong>alias-</strong></span> 
     </span>
     <span class='ocr_line' id='line_1_23' title="bbox 157 2562 1833 2646; baseline 0.001 -22"><span class='ocrx_word' id='word_1_231' title='bbox 157 2582 219 2643; x_wconf 92' lang='lat' dir='ltr'><strong>que</strong></span> <span class='ocrx_word' id='word_1_232' title='bbox 243 2562 399 2625; x_wconf 87' lang='lat' dir='ltr'><strong>ccclesias</strong></span> <span class='ocrx_word' id='word_1_233' title='bbox 422 2563 512 2626; x_wconf 89' lang='lat' dir='ltr'><strong>salva</strong></span> <span class='ocrx_word' id='word_1_234' title='bbox 534 2564 564 2625; x_wconf 93' lang='lat' dir='ltr'><strong>in</strong></span> <span class='ocrx_word' id='word_1_235' title='bbox 589 2563 741 2627; x_wconf 89' lang='lat' dir='ltr'><strong>omnibus</strong></span> <span class='ocrx_word' id='word_1_236' title='bbox 765 2565 1005 2646; x_wconf 90' lang='lat' dir='ltr'><strong>episcoporum,</strong></span> <span class='ocrx_word' id='word_1_237' title='bbox 1029 2567 1060 2627; x_wconf 91' lang='lat' dir='ltr'><strong>in</strong></span> <span class='ocrx_word' id='word_1_238' title='bbox 1085 2585 1223 2644; x_wconf 94' lang='lat' dir='ltr'><strong>quorum</strong></span> <span class='ocrx_word' id='word_1_239' title='bbox 1248 2564 1435 2627; x_wconf 90' lang='lat' dir='ltr'><strong>diocesibus</strong></span> <span class='ocrx_word' id='word_1_240' title='bbox 1458 2563 1645 2636; x_wconf 90' lang='lat' dir='ltr'><strong>consistunt,</strong></span> <span class='ocrx_word' id='word_1_241' title='bbox 1677 2563 1833 2625; x_wconf 90' lang='lat' dir='ltr'><strong>canonica</strong></span> 
     </span>
     <span class='ocr_line' id='line_1_24' title="bbox 157 2651 1830 2736; baseline 0.001 -24"><span class='ocrx_word' id='word_1_242' title='bbox 157 2652 353 2727; x_wconf 91' lang='lat' dir='ltr'><strong>reverentia,</strong></span> <span class='ocrx_word' id='word_1_243' title='bbox 391 2653 550 2731; x_wconf 89' lang='lat' dir='ltr'><strong>siquidem</strong></span> <span class='ocrx_word' id='word_1_244' title='bbox 584 2652 735 2715; x_wconf 88' lang='lat' dir='ltr'><strong>catholici</strong></span> <span class='ocrx_word' id='word_1_245' title='bbox 769 2652 887 2716; x_wconf 87' lang='lat' dir='ltr'><strong>luerint</strong></span> <span class='ocrx_word' id='word_1_246' title='bbox 918 2661 951 2716; x_wconf 92' lang='lat' dir='ltr'><strong>et</strong></span> <span class='ocrx_word' id='word_1_247' title='bbox 981 2655 1116 2736; x_wconf 86' lang='lat' dir='ltr'><strong>gratiam</strong></span> <span class='ocrx_word' id='word_1_248' title='bbox 1150 2663 1182 2716; x_wconf 93' lang='lat' dir='ltr'><strong>et</strong></span> <span class='ocrx_word' id='word_1_249' title='bbox 1212 2653 1477 2715; x_wconf 92' lang='lat' dir='ltr'><strong>communionem</strong></span> <span class='ocrx_word' id='word_1_250' title='bbox 1508 2651 1712 2734; x_wconf 90' lang='lat' dir='ltr'><strong>apostolicae</strong></span> <span class='ocrx_word' id='word_1_251' title='bbox 1743 2654 1830 2714; x_wconf 89' lang='lat' dir='ltr'><strong>sedis</strong></span> 
     </span>
     <span class='ocr_line' id='line_1_25' title="bbox 156 2739 1831 2824; baseline 0.001 -22"><span class='ocrx_word' id='word_1_252' title='bbox 156 2739 337 2804; x_wconf 88' lang='lat' dir='ltr'><strong>habuerint.</strong></span> <span class='ocrx_word' id='word_1_253' title='bbox 376 2741 447 2804; x_wconf 90' lang='lat' dir='ltr'><strong>Vos</strong></span> <span class='ocrx_word' id='word_1_254' title='bbox 470 2742 572 2824; x_wconf 89' lang='lat' dir='ltr'><strong>igitur,</strong></span> <span class='ocrx_word' id='word_1_255' title='bbox 596 2741 650 2804; x_wconf 88' lang='lat' dir='ltr'><strong>filii</strong></span> <span class='ocrx_word' id='word_1_256' title='bbox 673 2744 705 2804; x_wconf 92' lang='lat' dir='ltr'><strong>in</strong></span> <span class='ocrx_word' id='word_1_257' title='bbox 722 2741 852 2805; x_wconf 88' lang='lat' dir='ltr'><strong>Christo</strong></span> <span class='ocrx_word' id='word_1_258' title='bbox 877 2742 1061 2816; x_wconf 87' lang='lat' dir='ltr'><strong>charissimi,</strong></span> <span class='ocrx_word' id='word_1_259' title='bbox 1086 2752 1219 2824; x_wconf 89' lang='lat' dir='ltr'><strong>oportet</strong></span> <span class='ocrx_word' id='word_1_260' title='bbox 1235 2742 1390 2824; x_wconf 89' lang='lat' dir='ltr'><strong>regularis</strong></span> <span class='ocrx_word' id='word_1_261' title='bbox 1406 2742 1596 2823; x_wconf 88' lang='lat' dir='ltr'><strong>disciplinae</strong></span> <span class='ocrx_word' id='word_1_262' title='bbox 1613 2743 1831 2804; x_wconf 90' lang='lat' dir='ltr'><strong>institutiones</strong></span> 
     </span>
     <span class='ocr_line' id='line_1_26' title="bbox 156 2830 1832 2912; baseline 0.002 -21"><span class='ocrx_word' id='word_1_263' title='bbox 156 2830 325 2893; x_wconf 90' lang='lat' dir='ltr'><strong>sollicitius</strong></span> <span class='ocrx_word' id='word_1_264' title='bbox 349 2852 387 2893; x_wconf 90' lang='lat' dir='ltr'><strong>ac</strong></span> <span class='ocrx_word' id='word_1_265' title='bbox 415 2832 566 2895; x_wconf 91' lang='lat' dir='ltr'><strong>devotius</strong></span> <span class='ocrx_word' id='word_1_266' title='bbox 598 2832 758 2906; x_wconf 90' lang='lat' dir='ltr'><strong>insudare,</strong></span> <span class='ocrx_word' id='word_1_267' title='bbox 791 2841 834 2906; x_wconf 92' lang='lat' dir='ltr'><strong>ut,</strong></span> <span class='ocrx_word' id='word_1_268' title='bbox 867 2841 992 2912; x_wconf 91' lang='lat' dir='ltr'><strong>quanto</strong></span> <span class='ocrx_word' id='word_1_269' title='bbox 1015 2853 1034 2895; x_wconf 89' lang='lat' dir='ltr'><strong>a</strong></span> <span class='ocrx_word' id='word_1_270' title='bbox 1058 2831 1258 2895; x_wconf 90' lang='lat' dir='ltr'><strong>secularibus</strong></span> <span class='ocrx_word' id='word_1_271' title='bbox 1282 2832 1359 2894; x_wconf 89' lang='lat' dir='ltr'><strong>estis</strong></span> <span class='ocrx_word' id='word_1_272' title='bbox 1382 2831 1574 2893; x_wconf 91' lang='lat' dir='ltr'><strong>tumultibus</strong></span> <span class='ocrx_word' id='word_1_273' title='bbox 1602 2830 1704 2905; x_wconf 89' lang='lat' dir='ltr'><strong>liberi,</strong></span> <span class='ocrx_word' id='word_1_274' title='bbox 1739 2839 1832 2894; x_wconf 87' lang='lat' dir='ltr'><strong>tanto</strong></span> 
     </span>
     <span class='ocr_line' id='line_1_27' title="bbox 156 2919 1831 3002; baseline 0.001 -21"><span class='ocrx_word' id='word_1_275' title='bbox 156 2919 332 2982; x_wconf 89' lang='lat' dir='ltr'><strong>studiosius</strong></span> <span class='ocrx_word' id='word_1_276' title='bbox 356 2920 486 3002; x_wconf 91' lang='lat' dir='ltr'><strong>placere</strong></span> <span class='ocrx_word' id='word_1_277' title='bbox 508 2921 573 2983; x_wconf 91' lang='lat' dir='ltr'><strong>deo</strong></span> <span class='ocrx_word' id='word_1_278' title='bbox 596 2923 673 2984; x_wconf 89' lang='lat' dir='ltr'><strong>totis</strong></span> <span class='ocrx_word' id='word_1_279' title='bbox 698 2921 815 2983; x_wconf 90' lang='lat' dir='ltr'><strong>mentis</strong></span> <span class='ocrx_word' id='word_1_280' title='bbox 838 2929 871 2983; x_wconf 91' lang='lat' dir='ltr'><strong>et</strong></span> <span class='ocrx_word' id='word_1_281' title='bbox 895 2924 1022 2985; x_wconf 89' lang='lat' dir='ltr'><strong>animae</strong></span> <span class='ocrx_word' id='word_1_282' title='bbox 1046 2921 1214 2984; x_wconf 87' lang='lat' dir='ltr'><strong>virtutibus</strong></span> <span class='ocrx_word' id='word_1_283' title='bbox 1238 2921 1406 2984; x_wconf 89' lang='lat' dir='ltr'><strong>anheletis.</strong></span> <span class='ocrx_word' id='word_1_284' title='bbox 1452 2922 1631 3001; x_wconf 88' lang='lat' dir='ltr'><strong>Praecipue</strong></span> <span class='ocrx_word' id='word_1_285' title='bbox 1654 2921 1831 2994; x_wconf 90' lang='lat' dir='ltr'><strong>studentes,</strong></span> 
     </span>
     <span class='ocr_line' id='line_1_28' title="bbox 158 3008 1830 3092; baseline 0 -21"><span class='ocrx_word' id='word_1_286' title='bbox 158 3008 326 3072; x_wconf 90' lang='lat' dir='ltr'><strong>Romanae</strong></span> <span class='ocrx_word' id='word_1_287' title='bbox 354 3009 511 3072; x_wconf 90' lang='lat' dir='ltr'><strong>ecclesiae</strong></span> <span class='ocrx_word' id='word_1_288' title='bbox 541 3010 719 3073; x_wconf 90' lang='lat' dir='ltr'><strong>reverenda</strong></span> <span class='ocrx_word' id='word_1_289' title='bbox 749 3011 882 3074; x_wconf 89' lang='lat' dir='ltr'><strong>decreta</strong></span> <span class='ocrx_word' id='word_1_290' title='bbox 912 3031 1049 3085; x_wconf 89' lang='lat' dir='ltr'><strong>servare,</strong></span> <span class='ocrx_word' id='word_1_291' title='bbox 1080 3013 1171 3074; x_wconf 90' lang='lat' dir='ltr'><strong>cuius</strong></span> <span class='ocrx_word' id='word_1_292' title='bbox 1203 3011 1385 3092; x_wconf 90' lang='lat' dir='ltr'><strong>patrocinio</strong></span> <span class='ocrx_word' id='word_1_293' title='bbox 1417 3011 1494 3072; x_wconf 91' lang='lat' dir='ltr'><strong>estis</strong></span> <span class='ocrx_word' id='word_1_294' title='bbox 1528 3031 1547 3071; x_wconf 90' lang='lat' dir='ltr'><strong>a</strong></span> <span class='ocrx_word' id='word_1_295' title='bbox 1578 3011 1654 3090; x_wconf 93' lang='lat' dir='ltr'><strong>iugo</strong></span> <span class='ocrx_word' id='word_1_296' title='bbox 1687 3010 1830 3071; x_wconf 94' lang='lat' dir='ltr'><strong>omnium</strong></span> 
     </span>
     <span class='ocr_line' id='line_1_29' title="bbox 157 3097 1832 3181; baseline 0.001 -22"><span class='ocrx_word' id='word_1_297' title='bbox 157 3100 345 3171; x_wconf 85' lang='lat' dir='ltr'><strong>viventium,</strong></span> <span class='ocrx_word' id='word_1_298' title='bbox 377 3106 540 3162; x_wconf 90' lang='lat' dir='ltr'><strong>annuente</strong></span> <span class='ocrx_word' id='word_1_299' title='bbox 563 3100 637 3174; x_wconf 92' lang='lat' dir='ltr'><strong>deo,</strong></span> <span class='ocrx_word' id='word_1_300' title='bbox 670 3102 853 3181; x_wconf 91' lang='lat' dir='ltr'><strong>premuniti.</strong></span> <span class='ocrx_word' id='word_1_301' title='bbox 899 3100 955 3163; x_wconf 90' lang='lat' dir='ltr'><strong>Ad</strong></span> <span class='ocrx_word' id='word_1_302' title='bbox 986 3101 1137 3164; x_wconf 92' lang='lat' dir='ltr'><strong>indicium</strong></span> <span class='ocrx_word' id='word_1_303' title='bbox 1167 3109 1276 3163; x_wconf 91' lang='lat' dir='ltr'><strong>autem</strong></span> <span class='ocrx_word' id='word_1_304' title='bbox 1310 3107 1486 3181; x_wconf 90' lang='lat' dir='ltr'><strong>perceptae</strong></span> <span class='ocrx_word' id='word_1_305' title='bbox 1517 3098 1610 3160; x_wconf 91' lang='lat' dir='ltr'><strong>huius</strong></span> <span class='ocrx_word' id='word_1_306' title='bbox 1640 3097 1832 3161; x_wconf 88' lang='lat' dir='ltr'><strong>aRomana</strong></span> 
     </span>
     <span class='ocr_line' id='line_1_30' title="bbox 158 3187 1831 3272; baseline -0.001 -23"><span class='ocrx_word' id='word_1_307' title='bbox 158 3187 294 3250; x_wconf 87' lang='lat' dir='ltr'><strong>ecclesia</strong></span> <span class='ocrx_word' id='word_1_308' title='bbox 317 3188 476 3251; x_wconf 85' lang='lat' dir='ltr'><strong>libertatis</strong></span> <span class='ocrx_word' id='word_1_309' title='bbox 500 3209 559 3272; x_wconf 92' lang='lat' dir='ltr'><strong>per</strong></span> <span class='ocrx_word' id='word_1_310' title='bbox 589 3209 693 3251; x_wconf 89' lang='lat' dir='ltr'><strong>annos</strong></span> <span class='ocrx_word' id='word_1_311' title='bbox 720 3189 865 3271; x_wconf 91' lang='lat' dir='ltr'><strong>singulos</strong></span> <span class='ocrx_word' id='word_1_312' title='bbox 888 3211 931 3252; x_wconf 90' lang='lat' dir='ltr'><strong>ex</strong></span> <span class='ocrx_word' id='word_1_313' title='bbox 954 3199 1063 3253; x_wconf 91' lang='lat' dir='ltr'><strong>vestro</strong></span> <span class='ocrx_word' id='word_1_314' title='bbox 1088 3189 1286 3252; x_wconf 91' lang='lat' dir='ltr'><strong>monasterio</strong></span> <span class='ocrx_word' id='word_1_315' title='bbox 1310 3191 1460 3251; x_wconf 89' lang='lat' dir='ltr'><strong>vestratis</strong></span> <span class='ocrx_word' id='word_1_316' title='bbox 1486 3197 1638 3251; x_wconf 90' lang='lat' dir='ltr'><strong>monetae</strong></span> <span class='ocrx_word' id='word_1_317' title='bbox 1662 3200 1685 3247; x_wconf 91' lang='lat' dir='ltr'><strong>v</strong></span> <span class='ocrx_word' id='word_1_318' title='bbox 1708 3187 1831 3250; x_wconf 88' lang='lat' dir='ltr'><strong>solidos</strong></span> 
     </span>
     <span class='ocr_line' id='line_1_31' title="bbox 157 3276 1831 3360; baseline -0.001 -21"><span class='ocrx_word' id='word_1_319' title='bbox 157 3276 368 3340; x_wconf 79' lang='lat' dir='ltr'><strong>lateranensi</strong></span> <span class='ocrx_word' id='word_1_320' title='bbox 392 3278 514 3360; x_wconf 91' lang='lat' dir='ltr'><strong>palatio</strong></span> <span class='ocrx_word' id='word_1_321' title='bbox 538 3278 738 3359; x_wconf 91' lang='lat' dir='ltr'><strong>persolvatis.</strong></span> <span class='ocrx_word' id='word_1_322' title='bbox 785 3277 871 3342; x_wconf 89' lang='lat' dir='ltr'><strong>Sane</strong></span> <span class='ocrx_word' id='word_1_323' title='bbox 894 3281 921 3342; x_wconf 92' lang='lat' dir='ltr'><strong>si</strong></span> <span class='ocrx_word' id='word_1_324' title='bbox 945 3281 1018 3359; x_wconf 91' lang='lat' dir='ltr'><strong>quis</strong></span> <span class='ocrx_word' id='word_1_325' title='bbox 1041 3279 1072 3341; x_wconf 93' lang='lat' dir='ltr'><strong>in</strong></span> <span class='ocrx_word' id='word_1_326' title='bbox 1096 3281 1272 3341; x_wconf 89' lang='lat' dir='ltr'><strong>crastinum</strong></span> <span class='ocrx_word' id='word_1_327' title='bbox 1293 3277 1559 3360; x_wconf 88' lang='lat' dir='ltr'><strong>archiepiscopus</strong></span> <span class='ocrx_word' id='word_1_328' title='bbox 1575 3285 1631 3338; x_wconf 89' lang='lat' dir='ltr'><strong>aut</strong></span> <span class='ocrx_word' id='word_1_329' title='bbox 1647 3279 1831 3358; x_wconf 90' lang='lat' dir='ltr'><strong>episcopus,</strong></span> 
     </span>
     <span class='ocr_line' id='line_1_32' title="bbox 157 3368 1831 3450; baseline 0 -22"><span class='ocrx_word' id='word_1_330' title='bbox 157 3368 338 3449; x_wconf 90' lang='lat' dir='ltr'><strong>imperator</strong></span> <span class='ocrx_word' id='word_1_331' title='bbox 361 3376 416 3429; x_wconf 90' lang='lat' dir='ltr'><strong>aut</strong></span> <span class='ocrx_word' id='word_1_332' title='bbox 440 3387 506 3441; x_wconf 90' lang='lat' dir='ltr'><strong>rex,</strong></span> <span class='ocrx_word' id='word_1_333' title='bbox 530 3368 681 3450; x_wconf 90' lang='lat' dir='ltr'><strong>princeps</strong></span> <span class='ocrx_word' id='word_1_334' title='bbox 704 3376 760 3430; x_wconf 91' lang='lat' dir='ltr'><strong>aut</strong></span> <span class='ocrx_word' id='word_1_335' title='bbox 783 3369 861 3444; x_wconf 90' lang='lat' dir='ltr'><strong>dux,</strong></span> <span class='ocrx_word' id='word_1_336' title='bbox 884 3388 996 3431; x_wconf 89' lang='lat' dir='ltr'><strong>comes</strong></span> <span class='ocrx_word' id='word_1_337' title='bbox 1019 3376 1074 3431; x_wconf 87' lang='lat' dir='ltr'><strong>aut</strong></span> <span class='ocrx_word' id='word_1_338' title='bbox 1097 3369 1280 3431; x_wconf 91' lang='lat' dir='ltr'><strong>vicecomes</strong></span> <span class='ocrx_word' id='word_1_339' title='bbox 1304 3375 1359 3430; x_wconf 91' lang='lat' dir='ltr'><strong>aut</strong></span> <span class='ocrx_word' id='word_1_340' title='bbox 1383 3368 1483 3431; x_wconf 90' lang='lat' dir='ltr'><strong>iudex</strong></span> <span class='ocrx_word' id='word_1_341' title='bbox 1498 3375 1554 3429; x_wconf 90' lang='lat' dir='ltr'><strong>aut</strong></span> <span class='ocrx_word' id='word_1_342' title='bbox 1570 3386 1711 3448; x_wconf 89' lang='lat' dir='ltr'><strong>persona</strong></span> <span class='ocrx_word' id='word_1_343' title='bbox 1734 3386 1831 3445; x_wconf 88' lang='lat' dir='ltr'><strong>quae·</strong></span> 
     </span>
     <span class='ocr_line' id='line_1_33' title="bbox 157 3455 1831 3541; baseline -0.001 -24"><span class='ocrx_word' id='word_1_344' title='bbox 157 3455 236 3518; x_wconf 91' lang='lat' dir='ltr'><strong>libet</strong></span> <span class='ocrx_word' id='word_1_345' title='bbox 265 3477 366 3538; x_wconf 89' lang='lat' dir='ltr'><strong>parva</strong></span> <span class='ocrx_word' id='word_1_346' title='bbox 395 3457 448 3519; x_wconf 90' lang='lat' dir='ltr'><strong>vel</strong></span> <span class='ocrx_word' id='word_1_347' title='bbox 479 3477 608 3538; x_wconf 89' lang='lat' dir='ltr'><strong>magna,</strong></span> <span class='ocrx_word' id='word_1_348' title='bbox 642 3465 761 3539; x_wconf 91' lang='lat' dir='ltr'><strong>potens</strong></span> <span class='ocrx_word' id='word_1_349' title='bbox 792 3467 848 3521; x_wconf 89' lang='lat' dir='ltr'><strong>aut</strong></span> <span class='ocrx_word' id='word_1_350' title='bbox 877 3459 1052 3541; x_wconf 80' lang='lat' dir='ltr'><strong>impotem,</strong></span> <span class='ocrx_word' id='word_1_351' title='bbox 1083 3457 1177 3519; x_wconf 92' lang='lat' dir='ltr'><strong>huius</strong></span> <span class='ocrx_word' id='word_1_352' title='bbox 1207 3460 1309 3520; x_wconf 91' lang='lat' dir='ltr'><strong>nostri</strong></span> <span class='ocrx_word' id='word_1_353' title='bbox 1343 3457 1501 3539; x_wconf 91' lang='lat' dir='ltr'><strong>privilegii</strong></span> <span class='ocrx_word' id='word_1_354' title='bbox 1535 3456 1686 3538; x_wconf 91' lang='lat' dir='ltr'><strong>paginam</strong></span> <span class='ocrx_word' id='word_1_355' title='bbox 1718 3456 1831 3529; x_wconf 89' lang='lat' dir='ltr'><strong>sciens,</strong></span> 
     </span>
     <span class='ocr_line' id='line_1_34' title="bbox 157 3544 1831 3623; baseline 0.001 -17"><span class='ocrx_word' id='word_1_356' title='bbox 157 3554 269 3608; x_wconf 86' lang='lat' dir='ltr'><strong>contra</strong></span> <span class='ocrx_word' id='word_1_357' title='bbox 293 3565 366 3608; x_wconf 90' lang='lat' dir='ltr'><strong>eam</strong></span> <span class='ocrx_word' id='word_1_358' title='bbox 390 3554 514 3609; x_wconf 91' lang='lat' dir='ltr'><strong>temere</strong></span> <span class='ocrx_word' id='word_1_359' title='bbox 537 3547 645 3609; x_wconf 91' lang='lat' dir='ltr'><strong>venire</strong></span> <span class='ocrx_word' id='word_1_360' title='bbox 668 3549 849 3623; x_wconf 89' lang='lat' dir='ltr'><strong>tentaverit,</strong></span> <span class='ocrx_word' id='word_1_361' title='bbox 877 3547 1023 3610; x_wconf 91' lang='lat' dir='ltr'><strong>secundo</strong></span> <span class='ocrx_word' id='word_1_362' title='bbox 1047 3549 1191 3609; x_wconf 90' lang='lat' dir='ltr'><strong>terciove</strong></span> <span class='ocrx_word' id='word_1_363' title='bbox 1214 3547 1441 3620; x_wconf 87' lang='lat' dir='ltr'><strong>commonitus,</strong></span> <span class='ocrx_word' id='word_1_364' title='bbox 1469 3547 1496 3608; x_wconf 91' lang='lat' dir='ltr'><strong>si</strong></span> <span class='ocrx_word' id='word_1_365' title='bbox 1520 3566 1586 3608; x_wconf 90' lang='lat' dir='ltr'><strong>non</strong></span> <span class='ocrx_word' id='word_1_366' title='bbox 1610 3544 1831 3607; x_wconf 83' lang='lat' dir='ltr'><strong>satisfactione</strong></span> 
     </span>
     <span class='ocr_line' id='line_1_35' title="bbox 157 3633 1831 3719; baseline 0.001 -24"><span class='ocrx_word' id='word_1_367' title='bbox 157 3655 302 3716; x_wconf 88' lang='lat' dir='ltr'><strong>congma</strong></span> <span class='ocrx_word' id='word_1_368' title='bbox 334 3636 564 3708; x_wconf 89' lang='lat' dir='ltr'><strong>emendaverit,</strong></span> <span class='ocrx_word' id='word_1_369' title='bbox 596 3633 755 3699; x_wconf 86' lang='lat' dir='ltr'><strong>aChristi</strong></span> <span class='ocrx_word' id='word_1_370' title='bbox 787 3644 821 3698; x_wconf 91' lang='lat' dir='ltr'><strong>et</strong></span> <span class='ocrx_word' id='word_1_371' title='bbox 851 3637 1010 3700; x_wconf 89' lang='lat' dir='ltr'><strong>ecclesiae</strong></span> <span class='ocrx_word' id='word_1_372' title='bbox 1033 3656 1174 3719; x_wconf 90' lang='lat' dir='ltr'><strong>corpore</strong></span> <span class='ocrx_word' id='word_1_373' title='bbox 1198 3656 1272 3698; x_wconf 91' lang='lat' dir='ltr'><strong>cum</strong></span> <span class='ocrx_word' id='word_1_374' title='bbox 1297 3635 1493 3698; x_wconf 88' lang='lat' dir='ltr'><strong>authoritate</strong></span> <span class='ocrx_word' id='word_1_375' title='bbox 1517 3633 1700 3717; x_wconf 90' lang='lat' dir='ltr'><strong>apostolica</strong></span> <span class='ocrx_word' id='word_1_376' title='bbox 1723 3653 1831 3716; x_wconf 91' lang='lat' dir='ltr'><strong>segre-</strong></span> 
     </span>
     <span class='ocr_line' id='line_1_36' title="bbox 157 3722 1831 3807; baseline -0.001 -21"><span class='ocrx_word' id='word_1_377' title='bbox 157 3743 280 3805; x_wconf 85' lang='lat' dir='ltr'><strong>gamus.</strong></span> <span class='ocrx_word' id='word_1_378' title='bbox 329 3723 604 3788; x_wconf 87' lang='lat' dir='ltr'><strong>Conservantibus</strong></span> <span class='ocrx_word' id='word_1_379' title='bbox 628 3733 737 3788; x_wconf 89' lang='lat' dir='ltr'><strong>autem</strong></span> <span class='ocrx_word' id='word_1_380' title='bbox 762 3746 829 3807; x_wconf 87' lang='lat' dir='ltr'><strong>pax</strong></span> <span class='ocrx_word' id='word_1_381' title='bbox 853 3746 872 3787; x_wconf 87' lang='lat' dir='ltr'><strong>a</strong></span> <span class='ocrx_word' id='word_1_382' title='bbox 896 3727 960 3788; x_wconf 91' lang='lat' dir='ltr'><strong>deo</strong></span> <span class='ocrx_word' id='word_1_383' title='bbox 984 3732 1017 3788; x_wconf 91' lang='lat' dir='ltr'><strong>et</strong></span> <span class='ocrx_word' id='word_1_384' title='bbox 1033 3726 1252 3788; x_wconf 90' lang='lat' dir='ltr'><strong>misericordia</strong></span> <span class='ocrx_word' id='word_1_385' title='bbox 1268 3725 1492 3807; x_wconf 89' lang='lat' dir='ltr'><strong>praesentibus</strong></span> <span class='ocrx_word' id='word_1_386' title='bbox 1507 3744 1547 3786; x_wconf 92' lang='lat' dir='ltr'><strong>ac</strong></span> <span class='ocrx_word' id='word_1_387' title='bbox 1564 3723 1680 3786; x_wconf 83' lang='lat' dir='ltr'><strong>futuris</strong></span> <span class='ocrx_word' id='word_1_388' title='bbox 1696 3722 1831 3786; x_wconf 90' lang='lat' dir='ltr'><strong>saeculis</strong></span> 
     </span>
     <span class='ocr_line' id='line_1_37' title="bbox 158 3812 1830 3898; baseline -0.001 -23"><span class='ocrx_word' id='word_1_389' title='bbox 158 3822 375 3876; x_wconf 87' lang='lat' dir='ltr'><strong>conservetur.</strong></span> <span class='ocrx_word' id='word_1_390' title='bbox 422 3813 540 3876; x_wconf 85' lang='lat' dir='ltr'><strong>Amen.</strong></span> <span class='ocrx_word' id='word_1_391' title='bbox 564 3849 608 3859; x_wconf 96' lang='lat'>-</span> <span class='ocrx_word' id='word_1_392' title='bbox 632 3812 795 3898; x_wconf 89' lang='lat' dir='ltr'><strong>Scriptum</strong></span> <span class='ocrx_word' id='word_1_393' title='bbox 828 3835 887 3897; x_wconf 90' lang='lat' dir='ltr'><strong>per</strong></span> <span class='ocrx_word' id='word_1_394' title='bbox 918 3836 1048 3878; x_wconf 90' lang='lat' dir='ltr'><strong>manum</strong></span> <span class='ocrx_word' id='word_1_395' title='bbox 1076 3816 1214 3891; x_wconf 88' lang='lat' dir='ltr'><strong>loannis,</strong></span> <span class='ocrx_word' id='word_1_396' title='bbox 1245 3815 1409 3889; x_wconf 89' lang='lat' dir='ltr'><strong>scriniarii,</strong></span> <span class='ocrx_word' id='word_1_397' title='bbox 1442 3814 1610 3895; x_wconf 84' lang='lat' dir='ltr'><strong>regionarii</strong></span> <span class='ocrx_word' id='word_1_398' title='bbox 1641 3833 1680 3874; x_wconf 91' lang='lat' dir='ltr'><strong>ac</strong></span> <span class='ocrx_word' id='word_1_399' title='bbox 1714 3814 1830 3875; x_wconf 91' lang='lat' dir='ltr'><strong>notarii</strong></span> 
     </span>
     <span class='ocr_line' id='line_1_38' title="bbox 157 3903 384 3986; baseline 0.009 -23"><span class='ocrx_word' id='word_1_400' title='bbox 157 3905 237 3966; x_wconf 91' lang='lat' dir='ltr'><strong>sacri</strong></span> <span class='ocrx_word' id='word_1_401' title='bbox 262 3903 384 3986; x_wconf 83' lang='lat' dir='ltr'><strong>palatii.</strong></span> 
     </span>
    </p>

    <p class='ocr_par' dir='ltr' id='par_1_5' title="bbox 315 4016 1830 4085">
     <span class='ocr_line' id='line_1_39' title="bbox 315 4016 1830 4085; baseline -0.001 -18"><span class='ocrx_word' id='word_1_402' title='bbox 315 4018 439 4083; x_wconf 83' lang='lat' dir='ltr'><strong>Absclm&#39;st</strong></span> <span class='ocrx_word' id='word_1_403' title='bbox 455 4019 495 4068; x_wconf 83' lang='lat' dir='ltr'><strong>des</strong></span> <span class='ocrx_word' id='word_1_404' title='bbox 516 4019 626 4069; x_wconf 77' lang='lat' dir='ltr'><strong>Charlul.</strong></span> <span class='ocrx_word' id='word_1_405' title='bbox 645 4019 673 4067; x_wconf 82' lang='lat' dir='ltr'><strong>de</strong></span> <span class='ocrx_word' id='word_1_406' title='bbox 692 4018 869 4068; x_wconf 65' lang='lat' dir='ltr'><strong>trouver-m</strong></span> <span class='ocrx_word' id='word_1_407' title='bbox 876 4019 954 4085; x_wconf 81' lang='lat' dir='ltr'><strong>Velay,</strong></span> <span class='ocrx_word' id='word_1_408' title='bbox 975 4019 1031 4069; x_wconf 89' lang='lat' dir='ltr'><strong>MS.</strong></span> <span class='ocrx_word' id='word_1_409' title='bbox 1050 4022 1092 4072; x_wconf 84' lang='lat' dir='ltr'><strong>lat.</strong></span> <span class='ocrx_word' id='word_1_410' title='bbox 1112 4021 1182 4069; x_wconf 74' lang='grc'><strong><em>5456</em></strong></span> <span class='ocrx_word' id='word_1_411' title='bbox 1201 4021 1230 4068; x_wconf 85' lang='grc' dir='ltr'><strong>Α.</strong></span> <span class='ocrx_word' id='word_1_412' title='bbox 1242 4021 1292 4085; x_wconf 82' lang='lat' dir='ltr'><strong>jol.</strong></span> <span class='ocrx_word' id='word_1_413' title='bbox 1314 4023 1354 4078; x_wconf 88' lang='grc'><strong>11,</strong></span> <span class='ocrx_word' id='word_1_414' title='bbox 1373 4019 1399 4067; x_wconf 84' lang='lat' dir='ltr'><strong>in</strong></span> <span class='ocrx_word' id='word_1_415' title='bbox 1417 4019 1459 4068; x_wconf 82' lang='lat' dir='ltr'><strong>der</strong></span> <span class='ocrx_word' id='word_1_416' title='bbox 1476 4019 1538 4068; x_wconf 83' lang='lat' dir='ltr'><strong>Bibl.</strong></span> <span class='ocrx_word' id='word_1_417' title='bbox 1557 4018 1686 4067; x_wconf 71' lang='lat' dir='ltr'><strong>Naribnale</strong></span> <span class='ocrx_word' id='word_1_418' title='bbox 1703 4035 1732 4066; x_wconf 86' lang='lat' dir='ltr'><strong>zu</strong></span> <span class='ocrx_word' id='word_1_419' title='bbox 1751 4016 1830 4066; x_wconf 80' lang='lat' dir='ltr'><strong>Pan&#39;s.</strong></span> 
     </span>
    </p>
   </div>
   <div class='ocr_carea' id='block_1_5' title="bbox 152 4089 1833 4299">
    <p class='ocr_par' dir='ltr' id='par_1_6' title="bbox 152 4089 1833 4299">
     <span class='ocr_line' id='line_1_40' title="bbox 322 4089 1830 4157; baseline 0.001 -21"><span class='ocrx_word' id='word_1_420' title='bbox 322 4090 458 4140; x_wconf 76' lang='lat' dir='ltr'><strong>Verrnerlrt:</strong></span> <span class='ocrx_word' id='word_1_421' title='bbox 483 4090 608 4156; x_wconf 60' lang='lat' dir='ltr'><strong>,m‘gillum</strong></span> <span class='ocrx_word' id='word_1_422' title='bbox 626 4091 702 4139; x_wconf 83' lang='lat' dir='ltr'><strong>estin</strong></span> <span class='ocrx_word' id='word_1_423' title='bbox 718 4091 856 4157; x_wconf 70' lang='lat' dir='ltr'><strong>orr&#39;ginali‘t</strong></span> <span class='ocrx_word' id='word_1_424' title='bbox 894 4091 958 4140; x_wconf 84' lang='lat' dir='ltr'><strong>Eine</strong></span> <span class='ocrx_word' id='word_1_425' title='bbox 975 4091 1124 4140; x_wconf 78' lang='lat' dir='ltr'><strong>Datumzeilr</strong></span> <span class='ocrx_word' id='word_1_426' title='bbox 1134 4091 1203 4155; x_wconf 75' lang='lat' dir='ltr'><strong>fehlt</strong></span> <span class='ocrx_word' id='word_1_427' title='bbox 1219 4092 1245 4139; x_wconf 82' lang='lat' dir='ltr'><strong>in</strong></span> <span class='ocrx_word' id='word_1_428' title='bbox 1263 4093 1306 4140; x_wconf 85' lang='lat' dir='ltr'><strong>der</strong></span> <span class='ocrx_word' id='word_1_429' title='bbox 1323 4091 1373 4140; x_wconf 86' lang='lat' dir='ltr'><strong>mir</strong></span> <span class='ocrx_word' id='word_1_430' title='bbox 1389 4091 1545 4140; x_wconf 73' lang='lat' dir='ltr'><strong>vbersandten</strong></span> <span class='ocrx_word' id='word_1_431' title='bbox 1562 4089 1694 4154; x_wconf 78' lang='lat' dir='ltr'><strong>Absckn‘st.</strong></span> <span class='ocrx_word' id='word_1_432' title='bbox 1733 4091 1830 4138; x_wconf 55' lang='lat' dir='ltr'><strong>[iweri-</strong></span> 
     </span>
     <span class='ocr_line' id='line_1_41' title="bbox 152 4160 1833 4228; baseline 0 -19"><span class='ocrx_word' id='word_1_433' title='bbox 152 4162 206 4223; x_wconf 82' lang='lat' dir='ltr'><strong>srld</strong></span> <span class='ocrx_word' id='word_1_434' title='bbox 220 4162 325 4210; x_wconf 81' lang='lat' dir='ltr'><strong>bcmerkt</strong></span> <span class='ocrx_word' id='word_1_435' title='bbox 345 4160 424 4228; x_wconf 79' lang='lat' dir='ltr'><strong>Jaffe&#39;,</strong></span> <span class='ocrx_word' id='word_1_436' title='bbox 451 4164 507 4227; x_wconf 82' lang='lat' dir='ltr'><strong>Reg.</strong></span> <span class='ocrx_word' id='word_1_437' title='bbox 529 4164 598 4210; x_wconf 89' lang='grc'><strong><em>6015</em></strong></span> <span class='ocrx_word' id='word_1_438' title='bbox 613 4170 674 4226; x_wconf 80' lang='lat' dir='ltr'><strong>pro:</strong></span> <span class='ocrx_word' id='word_1_439' title='bbox 696 4163 756 4211; x_wconf 81' lang='lat' dir='ltr'><strong>Dat.</strong></span> <span class='ocrx_word' id='word_1_440' title='bbox 779 4171 825 4226; x_wconf 77' lang='lat' dir='ltr'><strong>per</strong></span> <span class='ocrx_word' id='word_1_441' title='bbox 841 4179 943 4211; x_wconf 84' lang='lat' dir='ltr'><strong>manum</strong></span> <span class='ocrx_word' id='word_1_442' title='bbox 965 4163 1066 4228; x_wconf 75' lang='lat' dir='ltr'><strong>Aqm&#39;lei,</strong></span> <span class='ocrx_word' id='word_1_443' title='bbox 1095 4164 1185 4228; x_wconf 80' lang='lat' dir='ltr'><strong>agentis</strong></span> <span class='ocrx_word' id='word_1_444' title='bbox 1208 4164 1284 4211; x_wconf 80' lang='lat' dir='ltr'><strong>vicem</strong></span> <span class='ocrx_word' id='word_1_445' title='bbox 1308 4163 1459 4223; x_wconf 76' lang='lat' dir='ltr'><strong>concellarii,</strong></span> <span class='ocrx_word' id='word_1_446' title='bbox 1487 4163 1613 4228; x_wconf 81' lang='lat' dir='ltr'><strong>legendum</strong></span> <span class='ocrx_word' id='word_1_447' title='bbox 1639 4169 1686 4210; x_wconf 85' lang='lat' dir='ltr'><strong>est:</strong></span> <span class='ocrx_word' id='word_1_448' title='bbox 1710 4163 1770 4211; x_wconf 83' lang='lat' dir='ltr'><strong>Dat.</strong></span> <span class='ocrx_word' id='word_1_449' title='bbox 1785 4169 1833 4225; x_wconf 80' lang='lat' dir='ltr'><strong>per</strong></span> 
     </span>
     <span class='ocr_line' id='line_1_42' title="bbox 157 4233 1275 4299; baseline 0.001 -18"><span class='ocrx_word' id='word_1_450' title='bbox 157 4250 255 4282; x_wconf 83' lang='lat' dir='ltr'><strong>manum</strong></span> <span class='ocrx_word' id='word_1_451' title='bbox 276 4233 377 4299; x_wconf 81' lang='lat' dir='ltr'><strong>Equirii,</strong></span> <span class='ocrx_word' id='word_1_452' title='bbox 397 4242 437 4292; x_wconf 83' lang='lat' dir='ltr'><strong>ret,</strong></span> <span class='ocrx_word' id='word_1_453' title='bbox 452 4235 581 4297; x_wconf 74' lang='lat' dir='ltr'><strong>praebetur</strong></span> <span class='ocrx_word' id='word_1_454' title='bbox 597 4233 624 4281; x_wconf 83' lang='lat' dir='ltr'><strong>in</strong></span> <span class='ocrx_word' id='word_1_455' title='bbox 641 4234 744 4284; x_wconf 76' lang='lat' dir='ltr'><strong>er&#39;rrsdm</strong></span> <span class='ocrx_word' id='word_1_456' title='bbox 760 4234 907 4284; x_wconf 74' lang='lat' dir='ltr'><strong>biblrbtlrccac</strong></span> <span class='ocrx_word' id='word_1_457' title='bbox 925 4233 981 4284; x_wconf 90' lang='lat' dir='ltr'><strong>MS.</strong></span> <span class='ocrx_word' id='word_1_458' title='bbox 1001 4237 1043 4285; x_wconf 74' lang='lat' dir='ltr'><strong>lat.</strong></span> <span class='ocrx_word' id='word_1_459' title='bbox 1067 4238 1115 4285; x_wconf 73' lang='lat'><strong>127</strong></span> <span class='ocrx_word' id='word_1_460' title='bbox 1118 4237 1151 4284; x_wconf 88' lang='grc'><strong>65</strong></span> <span class='ocrx_word' id='word_1_461' title='bbox 1160 4234 1211 4299; x_wconf 84' lang='lat' dir='ltr'><strong>fol.</strong></span> <span class='ocrx_word' id='word_1_462' title='bbox 1232 4236 1275 4283; x_wconf 79' lang='grc'><strong>54.</strong></span> 
     </span>
    </p>
   </div>
   <div class='ocr_carea' id='block_1_6' title="bbox 916 4608 1072 4682">
    <p class='ocr_par' dir='ltr' id='par_1_7' title="bbox 916 4608 1072 4682">
     <span class='ocr_line' id='line_1_43' title="bbox 916 4608 1072 4682; baseline 0 0"><span class='ocrx_word' id='word_1_463' title='bbox 916 4608 981 4682; x_wconf 88' lang='lat' dir='ltr'><strong>Nr.</strong></span> <span class='ocrx_word' id='word_1_464' title='bbox 1010 4613 1072 4682; x_wconf 90' lang='lat'><strong>33.</strong></span> 
     </span>
    </p>
   </div>
   <div class='ocr_carea' id='block_1_7' title="bbox 164 4737 1832 4907">
    <p class='ocr_par' dir='ltr' id='par_1_8' title="bbox 164 4737 1832 4907">
     <span class='ocr_line' id='line_1_44' title="bbox 164 4737 1832 4907; baseline -0.002 -103"><span class='ocrx_word' id='word_1_465' title='bbox 164 4741 268 4807; x_wconf 81' lang='lat' dir='ltr'><strong>Calr&#39;xt</strong></span> <span class='ocrx_word' id='word_1_466' title='bbox 283 4743 328 4806; x_wconf 86' lang='lat' dir='ltr'><strong>II</strong></span> <span class='ocrx_word' id='word_1_467' title='bbox 339 4743 490 4826; x_wconf 72' lang='lat' dir='ltr'><strong>bestdtigt</strong></span> <span class='ocrx_word' id='word_1_468' title='bbox 511 4743 584 4806; x_wconf 85' lang='lat' dir='ltr'><strong>dem</strong></span> <span class='ocrx_word' id='word_1_469' title='bbox 602 4743 736 4824; x_wconf 83' lang='lat' dir='ltr'><strong>Propste</strong></span> <span class='ocrx_word' id='word_1_470' title='bbox 752 4740 859 4804; x_wconf 81' lang='lat' dir='ltr'><strong>Adam</strong></span> <span class='ocrx_word' id='word_1_471' title='bbox 883 4763 943 4842; x_wconf 68' lang='lat' dir='ltr'><strong>aron</strong></span> <span class='ocrx_word' id='word_1_472' title='bbox 960 4739 1175 4907; x_wconf 44' lang='lat' dir='ltr'><strong>{rillr‘lgjzta</strong></span> <span class='ocrx_word' id='word_1_473' title='bbox 1198 4741 1236 4803; x_wconf 81' lang='lat' dir='ltr'><strong>di</strong></span> <span class='ocrx_word' id='word_1_474' title='bbox 1254 4741 1411 4804; x_wconf 84' lang='lat' dir='ltr'><strong>Cremona</strong></span> <span class='ocrx_word' id='word_1_475' title='bbox 1433 4740 1487 4803; x_wconf 82' lang='lat' dir='ltr'><strong>die</strong></span> <span class='ocrx_word' id='word_1_476' title='bbox 1505 4739 1607 4802; x_wconf 72' lang='lat' dir='ltr'><strong>Gritrr</strong></span> <span class='ocrx_word' id='word_1_477' title='bbox 1626 4737 1695 4801; x_wconf 85' lang='lat' dir='ltr'><strong>und</strong></span> <span class='ocrx_word' id='word_1_478' title='bbox 1716 4738 1832 4802; x_wconf 75' lang='lat' dir='ltr'><strong>Rechte</strong></span> 
     </span>
     <span class='ocr_line' id='line_1_45' title="bbox 844 4852 1141 4895; baseline 0 -1"><span class='ocrx_word' id='word_1_479' title='bbox 844 4852 952 4895; x_wconf 80' lang='lat' dir='ltr'><strong>semer</strong></span> <span class='ocrx_word' id='word_1_480' title='bbox 1000 4852 1088 4895; x_wconf 83' lang='lat' dir='ltr'><strong>zrcre</strong></span> <span class='ocrx_word' id='word_1_481' title='bbox 1134 4881 1141 4894; x_wconf 93' lang='lat'><strong>.</strong></span> 
     </span>
    </p>
   </div>
   <div class='ocr_carea' id='block_1_8' title="bbox 671 4945 1315 5031">
    <p class='ocr_par' dir='ltr' id='par_1_9' title="bbox 671 4945 1315 5031">
     <span class='ocr_line' id='line_1_46' title="bbox 671 4945 1315 5031; baseline 0.002 -23"><span class='ocrx_word' id='word_1_482' title='bbox 671 4949 760 5009; x_wconf 82' lang='lat'><em>1122</em></span> <span class='ocrx_word' id='word_1_483' title='bbox 775 4946 877 5031; x_wconf 79' lang='lat' dir='ltr'><strong>April</strong></span> <span class='ocrx_word' id='word_1_484' title='bbox 889 4949 937 5010; x_wconf 88' lang='lat'><strong>15.</strong></span> <span class='ocrx_word' id='word_1_485' title='bbox 971 4946 1016 5012; x_wconf 80' lang='lat' dir='ltr'><strong>St.</strong></span> <span class='ocrx_word' id='word_1_486' title='bbox 1033 4947 1128 5009; x_wconf 79' lang='lat' dir='ltr'><strong>Peter</strong></span> <span class='ocrx_word' id='word_1_487' title='bbox 1146 4967 1206 5010; x_wconf 71' lang='grc' dir='ltr'><strong>νων</strong></span> <span class='ocrx_word' id='word_1_488' title='bbox 1224 4945 1315 5009; x_wconf 87' lang='lat' dir='ltr'><strong>Rom.</strong></span> 
     </span>
    </p>
   </div>
   <div class='ocr_carea' id='block_1_9' title="bbox 159 5078 1832 5439">
    <p class='ocr_par' dir='ltr' id='par_1_10' title="bbox 159 5078 1832 5439">
     <span class='ocr_line' id='line_1_47' title="bbox 316 5078 1832 5168; baseline -0.003 -21"><span class='ocrx_word' id='word_1_489' title='bbox 316 5083 459 5147; x_wconf 88' lang='lat' dir='ltr'><strong>Calixtus</strong></span> <span class='ocrx_word' id='word_1_490' title='bbox 488 5084 673 5166; x_wconf 88' lang='lat' dir='ltr'><strong>episcopus,</strong></span> <span class='ocrx_word' id='word_1_491' title='bbox 704 5102 814 5144; x_wconf 89' lang='lat' dir='ltr'><strong>servus</strong></span> <span class='ocrx_word' id='word_1_492' title='bbox 845 5102 1013 5144; x_wconf 88' lang='lat' dir='ltr'><strong>servorum</strong></span> <span class='ocrx_word' id='word_1_493' title='bbox 1045 5081 1106 5156; x_wconf 90' lang='lat' dir='ltr'><strong>dei,</strong></span> <span class='ocrx_word' id='word_1_494' title='bbox 1137 5081 1259 5144; x_wconf 91' lang='lat' dir='ltr'><strong>dilecto</strong></span> <span class='ocrx_word' id='word_1_495' title='bbox 1291 5079 1359 5143; x_wconf 88' lang='lat' dir='ltr'><strong>filio</strong></span> <span class='ocrx_word' id='word_1_496' title='bbox 1383 5079 1468 5165; x_wconf 70' lang='lat' dir='ltr'><strong>Ade,</strong></span> <span class='ocrx_word' id='word_1_497' title='bbox 1492 5081 1663 5161; x_wconf 90' lang='lat' dir='ltr'><strong>preposito</strong></span> <span class='ocrx_word' id='word_1_498' title='bbox 1696 5078 1832 5168; x_wconf 69' lang='lat' dir='ltr'><strong>ecclesie</strong></span> 
     </span>
     <span class='ocr_line' id='line_1_48' title="bbox 159 5169 1830 5259; baseline -0.001 -25"><span class='ocrx_word' id='word_1_499' title='bbox 159 5182 266 5236; x_wconf 86' lang='lat' dir='ltr'><strong>sancte</strong></span> <span class='ocrx_word' id='word_1_500' title='bbox 290 5172 449 5254; x_wconf 86' lang='lat' dir='ltr'><strong>Agathes,</strong></span> <span class='ocrx_word' id='word_1_501' title='bbox 482 5193 545 5259; x_wconf 69' lang='lat' dir='ltr'><strong>que</strong></span> <span class='ocrx_word' id='word_1_502' title='bbox 577 5171 738 5234; x_wconf 89' lang='lat' dir='ltr'><strong>Cremone</strong></span> <span class='ocrx_word' id='word_1_503' title='bbox 768 5173 831 5234; x_wconf 90' lang='lat' dir='ltr'><strong>sita</strong></span> <span class='ocrx_word' id='word_1_504' title='bbox 862 5179 926 5246; x_wconf 90' lang='lat' dir='ltr'><strong>est,</strong></span> <span class='ocrx_word' id='word_1_505' title='bbox 959 5173 1093 5250; x_wconf 90' lang='lat' dir='ltr'><strong>eiusque</strong></span> <span class='ocrx_word' id='word_1_506' title='bbox 1123 5169 1366 5233; x_wconf 88' lang='lat' dir='ltr'><strong>successoribus</strong></span> <span class='ocrx_word' id='word_1_507' title='bbox 1397 5170 1553 5231; x_wconf 90' lang='lat' dir='ltr'><strong>canonice</strong></span> <span class='ocrx_word' id='word_1_508' title='bbox 1585 5169 1830 5248; x_wconf 89' lang='lat' dir='ltr'><strong>substituendis,</strong></span> 
     </span>
     <span class='ocr_line' id='line_1_49' title="bbox 159 5258 1830 5345; baseline 0.001 -23"><span class='ocrx_word' id='word_1_509' title='bbox 159 5262 187 5322; x_wconf 89' lang='lat' dir='ltr'><strong>in</strong></span> <span class='ocrx_word' id='word_1_510' title='bbox 209 5284 299 5344; x_wconf 89' lang='lat' dir='ltr'><strong>ppm.</strong></span> <span class='ocrx_word' id='word_1_511' title='bbox 324 5299 367 5308; x_wconf 85' lang='lat'><em>-</em></span> <span class='ocrx_word' id='word_1_512' title='bbox 388 5261 392 5345; x_wconf 89' lang='grc' dir='ltr'>Ι</span> <span class='ocrx_word' id='word_1_513' title='bbox 414 5261 525 5324; x_wconf 85' lang='lat' dir='ltr'><strong>Officii</strong></span> <span class='ocrx_word' id='word_1_514' title='bbox 550 5261 649 5324; x_wconf 88' lang='lat' dir='ltr'><strong>nostri</strong></span> <span class='ocrx_word' id='word_1_515' title='bbox 680 5281 740 5323; x_wconf 91' lang='lat' dir='ltr'><strong>nos</strong></span> <span class='ocrx_word' id='word_1_516' title='bbox 773 5260 921 5324; x_wconf 90' lang='lat' dir='ltr'><strong>hortatur</strong></span> <span class='ocrx_word' id='word_1_517' title='bbox 950 5263 1135 5334; x_wconf 75' lang='lat' dir='ltr'><strong>auctoritas</strong></span> <span class='ocrx_word' id='word_1_518' title='bbox 1166 5281 1227 5342; x_wconf 94' lang='lat' dir='ltr'><strong>pro</strong></span> <span class='ocrx_word' id='word_1_519' title='bbox 1259 5258 1467 5322; x_wconf 88' lang='lat' dir='ltr'><strong>ecclesiarum</strong></span> <span class='ocrx_word' id='word_1_520' title='bbox 1500 5266 1585 5321; x_wconf 91' lang='lat' dir='ltr'><strong>statu</strong></span> <span class='ocrx_word' id='word_1_521' title='bbox 1616 5267 1764 5340; x_wconf 90' lang='lat' dir='ltr'><strong>satagere</strong></span> <span class='ocrx_word' id='word_1_522' title='bbox 1788 5269 1830 5337; x_wconf 90' lang='lat' dir='ltr'><strong>et,</strong></span> 
     </span>
     <span class='ocr_line' id='line_1_50' title="bbox 160 5345 1830 5439; baseline -0.001 -26"><span class='ocrx_word' id='word_1_523' title='bbox 160 5371 218 5439; x_wconf 73' lang='lat' dir='ltr'><strong>que</strong></span> <span class='ocrx_word' id='word_1_524' title='bbox 242 5360 331 5415; x_wconf 90' lang='lat' dir='ltr'><strong>recte</strong></span> <span class='ocrx_word' id='word_1_525' title='bbox 347 5360 468 5414; x_wconf 89' lang='lat' dir='ltr'><strong>statuta</strong></span> <span class='ocrx_word' id='word_1_526' title='bbox 484 5357 567 5425; x_wconf 90' lang='lat' dir='ltr'><strong>sunt,</strong></span> <span class='ocrx_word' id='word_1_527' title='bbox 589 5349 743 5413; x_wconf 88' lang='lat' dir='ltr'><strong>stabilire.</strong></span> <span class='ocrx_word' id='word_1_528' title='bbox 790 5347 897 5430; x_wconf 87' lang='lat' dir='ltr'><strong>Quam</strong></span> <span class='ocrx_word' id='word_1_529' title='bbox 922 5351 965 5414; x_wconf 95' lang='lat' dir='ltr'><strong>ob</strong></span> <span class='ocrx_word' id='word_1_530' title='bbox 990 5370 1067 5426; x_wconf 87' lang='lat' dir='ltr'><strong>rem,</strong></span> <span class='ocrx_word' id='word_1_531' title='bbox 1091 5349 1210 5413; x_wconf 91' lang='lat' dir='ltr'><strong>dilecte</strong></span> <span class='ocrx_word' id='word_1_532' title='bbox 1235 5350 1265 5411; x_wconf 93' lang='lat' dir='ltr'><strong>in</strong></span> <span class='ocrx_word' id='word_1_533' title='bbox 1291 5347 1419 5411; x_wconf 84' lang='lat' dir='ltr'><strong>Christo</strong></span> <span class='ocrx_word' id='word_1_534' title='bbox 1444 5345 1494 5425; x_wconf 86' lang='lat' dir='ltr'><strong>fili,</strong></span> <span class='ocrx_word' id='word_1_535' title='bbox 1519 5346 1629 5410; x_wconf 85' lang='lat' dir='ltr'><strong>Adam</strong></span> <span class='ocrx_word' id='word_1_536' title='bbox 1655 5350 1830 5431; x_wconf 90' lang='lat' dir='ltr'><strong>preposite,</strong></span> 
     </span>
    </p>
   </div>
   <div class='ocr_carea' id='block_1_10' title="bbox 164 5596 1829 5738">
    <p class='ocr_par' dir='ltr' id='par_1_11' title="bbox 164 5596 1829 5738">
     <span class='ocr_line' id='line_1_51' title="bbox 317 5596 1829 5668; baseline 0.002 -20"><span class='ocrx_word' id='word_1_537' title='bbox 317 5601 342 5660; x_wconf 88' lang='lat'><strong>1)</strong></span> <span class='ocrx_word' id='word_1_538' title='bbox 361 5598 430 5648; x_wconf 68' lang='lat' dir='ltr'><strong>Ami</strong></span> <span class='ocrx_word' id='word_1_539' title='bbox 447 5599 500 5658; x_wconf 81' lang='lat' dir='ltr'><strong>„Le</strong></span> <span class='ocrx_word' id='word_1_540' title='bbox 519 5596 674 5658; x_wconf 58' lang='lat' dir='ltr'><strong>Monostiaes‘,</strong></span> <span class='ocrx_word' id='word_1_541' title='bbox 700 5597 997 5664; x_wconf 47' lang='lat' dir='ltr'><strong>,plenariam-mast</strong></span> <span class='ocrx_word' id='word_1_542' title='bbox 1019 5600 1076 5649; x_wconf 79' lang='lat' dir='ltr'><strong>oder</strong></span> <span class='ocrx_word' id='word_1_543' title='bbox 1093 5600 1247 5665; x_wconf 81' lang='lat' dir='ltr'><strong>„Carmery“</strong></span> <span class='ocrx_word' id='word_1_544' title='bbox 1262 5600 1387 5666; x_wconf 78' lang='lat' dir='ltr'><strong>geheisren.</strong></span> <span class='ocrx_word' id='word_1_545' title='bbox 1480 5600 1506 5661; x_wconf 88' lang='lat'><strong>2)</strong></span> <span class='ocrx_word' id='word_1_546' title='bbox 1525 5596 1609 5645; x_wconf 68' lang='lat' dir='ltr'><strong>Roda.</strong></span> <span class='ocrx_word' id='word_1_547' title='bbox 1693 5604 1720 5668; x_wconf 84' lang='lat'><strong>3)</strong></span> <span class='ocrx_word' id='word_1_548' title='bbox 1744 5601 1829 5662; x_wconf 56' lang='lat' dir='ltr'><strong>ruris,</strong></span> 
     </span>
     <span class='ocr_line' id='line_1_52' title="bbox 164 5669 957 5738; baseline 0.004 -21"><span class='ocrx_word' id='word_1_549' title='bbox 164 5669 254 5720; x_wconf 82' lang='lat' dir='ltr'><strong>Torino.</strong></span> <span class='ocrx_word' id='word_1_550' title='bbox 330 5673 359 5738; x_wconf 82' lang='lat'><strong>4)</strong></span> <span class='ocrx_word' id='word_1_551' title='bbox 384 5671 463 5737; x_wconf 84' lang='lat' dir='ltr'><strong>Vergl.</strong></span> <span class='ocrx_word' id='word_1_552' title='bbox 483 5670 521 5719; x_wconf 86' lang='lat' dir='ltr'><strong>die</strong></span> <span class='ocrx_word' id='word_1_553' title='bbox 542 5670 658 5719; x_wconf 78' lang='lat' dir='ltr'><strong>Urkundc</strong></span> <span class='ocrx_word' id='word_1_554' title='bbox 674 5685 729 5719; x_wconf 82' lang='lat' dir='ltr'><strong>vom</strong></span> <span class='ocrx_word' id='word_1_555' title='bbox 750 5673 781 5719; x_wconf 88' lang='grc'><strong>16</strong></span> <span class='ocrx_word' id='word_1_556' title='bbox 803 5672 863 5737; x_wconf 81' lang='lat' dir='ltr'><strong>Julr&#39;</strong></span> <span class='ocrx_word' id='word_1_557' title='bbox 882 5674 957 5721; x_wconf 75' lang='lat'><strong><em>1148.</em></strong></span> 
     </span>
    </p>
   </div>
   <div class='ocr_carea' id='block_1_11' title="bbox 1593 5749 1634 5817">
    <p class='ocr_par' dir='ltr' id='par_1_12' title="bbox 1593 5749 1634 5817">
     <span class='ocr_line' id='line_1_53' title="bbox 1593 5749 1634 5817; baseline 0 -31"><span class='ocrx_word' id='word_1_558' title='bbox 1593 5749 1634 5817; x_wconf 78' lang='lat'><strong>4*</strong></span> 
     </span>
    </p>
   </div>
   <div class='ocr_carea' id='block_1_12' title="bbox 0 0 2000 6194">
    <p class='ocr_par' dir='ltr' id='par_1_13' title="bbox 0 0 2000 6194">
     <span class='ocr_line' id='line_1_54' title="bbox 0 0 2000 6194; baseline 0 0"><span class='ocrx_word' id='word_1_559' title='bbox 0 0 2000 6194; x_wconf 95' lang='lat' dir='ltr'><strong> </strong></span> 
     </span>
    </p>
   </div>
  </div>
 </body>
</html>
