3982 6194
918 447 984 522 Nr.
1017 451 1077 521 67.

154 580 270 663 Eugen
295 576 364 645 III
382 583 500 645 nimmt
517 581 578 644 das
607 579 737 644 Kloster
755 578 846 644 Saul
869 578 1047 662 Ambrogio
1078 581 1117 644 di
1147 581 1282 644 Fireuze
1313 578 1347 643 in
1370 579 1601 664 apostolisclren
1624 578 1740 643 Schutz
1770 578 1839 641 und

153 669 312 758 bestdtr'gt
332 671 421 736 scine
441 671 681 736 Beselathu'mer
702 670 771 733 und
793 669 925 746 Rechte,
957 671 1062 750 wrrfiir
1082 692 1116 733 es
1135 668 1284 753 jctlrrliclr
1307 671 1414 752 mudls
1432 668 1540 733 Solidz'
1562 668 1768 732 Lucclresisclt
1792 689 1836 732 an

735 759 790 824 die
814 757 918 823 Kurie
937 780 978 822 zu
1001 759 1175 823 entriclrten
1197 759 1263 824 leat.

779 896 863 958 1145
886 894 963 958 Mai
982 896 1036 958 12.
1083 892 1215 958 Viterbo.

320 1030 490 1113 Eugenius
522 1031 714 1112 episcopus,
744 1048 856 1092 servus
888 1048 1055 1092 servorum
1087 1031 1159 1106 dei,
1195 1028 1323 1092 dilectis
1356 1030 1387 1091 in
1421 1027 1551 1091 Christo
1581 1023 1708 1089 filiabus
1741 1024 1836 1111 Gisle‚

156 1117 330 1183 abbatisse
355 1120 542 1183 monasterii
565 1120 669 1183 sancti
692 1118 860 1183 Ambrosii
883 1119 927 1182 de
949 1118 1150 1202 Petraplana,
1173 1121 1308 1201 eiusque
1331 1118 1508 1192 sororibus,
1539 1123 1606 1179 tarn
1631 1115 1836 1197 presentibus

158 1228 260 1288 quarn
283 1209 410 1286 futuris,
442 1209 624 1291 regularem
647 1210 747 1273 vitam
770 1207 926 1291 professis
950 1222 988 1271 ΙΝ
1011 1222 1085 1270 ΡΡΜ.
1110 1245 1150 1254 -
1172 1207 1176 1292 Ι
1198 1207 1254 1271 Ad
1283 1209 1348 1273 hoc
1381 1206 1566 1270 universalis
1599 1204 1735 1292 ecclesie
1759 1224 1836 1266 cura

159 1298 257 1361 nobis
281 1319 300 1361 a
325 1299 494 1381 provisore
519 1300 664 1362 omnium
688 1299 851 1362 bonorum
876 1298 939 1360 deo
964 1298 1138 1362 commissa
1160 1306 1218 1373 est,
1243 1306 1277 1361 ut
1298 1297 1465 1380 religiosas
1487 1295 1658 1380 diligamus
1681 1313 1836 1376 personas

160 1395 193 1449 et
216 1387 491 1471 beneplacentem
517 1386 582 1450 deo
606 1386 793 1471 religionem
816 1389 1005 1452 studeamus
1029 1389 1137 1451 modis
1161 1387 1313 1452 omnibus
1333 1405 1533 1470 propagare;
1565 1404 1624 1447 nec
1655 1385 1742 1446 enim
1772 1383 1836 1446 deo

159 1485 272 1559 gratus
293 1474 298 1563 Ι
320 1478 498 1558 aliquando
522 1476 695 1541 famulatus
726 1478 934 1560 impenditur,
964 1478 1034 1553 nisi,
1067 1496 1109 1540 ex
1132 1479 1275 1541 caritatis
1299 1478 1409 1541 radice
1433 1475 1624 1558 procedens,
1654 1493 1673 1535 a
1696 1472 1837 1555 puritate

160 1566 330 1649 religionis
354 1567 452 1631 fuerit
475 1575 694 1631 conservatus.
742 1565 886 1650 Oportet
909 1567 1005 1650 igitur
1027 1587 1141 1630 omnes
1165 1566 1338 1655 christiane
1360 1566 1438 1629 fidei
1457 1573 1621 1629 amatores
1646 1562 1837 1645 religionem

161 1655 299 1739 diligere
324 1666 359 1720 et
381 1656 454 1720 loca
475 1655 675 1721 venerabilia
700 1677 773 1720 cum
790 1658 870 1739 ipsis
890 1657 1047 1739 personis,
1070 1658 1181 1720 divino
1205 1657 1335 1719 servitio
1359 1655 1560 1739 mancipatis,
1583 1652 1736 1716 attentius
1761 1672 1837 1715 con·

162 1744 288 1821 fovere,
330 1755 365 1810 ut
397 1745 489 1809 nullis
521 1765 697 1829 pravorum
734 1744 903 1809 hominurn
937 1746 1154 1828 inquietentur
1194 1745 1349 1809 molestiis
1380 1743 1432 1808 vel
1470 1743 1665 1826 importunis
1696 1742 1836 1823 angariis

163 1834 348 1918 fatigentur.
395 1835 444 1898 Ea
468 1843 612 1918 propter,
644 1836 765 1900 dilecte
796 1835 827 1898 in
851 1836 988 1899 domino
1012 1835 1086 1912 filie,
1112 1836 1227 1899 vestris
1250 1836 1340 1898 iustis
1364 1833 1635 1916 postulationibus
1660 1830 1837 1894 clementer

163 1927 337 1988 annuimus
361 1933 394 1988 et
409 1925 653 2008 predecessoris
673 1927 783 2000 nostri,
808 1925 911 1988 felicis
928 1929 1085 2012 memorie
1101 1946 1188 2009 pape
1204 1925 1418 1988 INNOCENTH
1436 1922 1469 2008 ¹),
1485 1922 1629 2004 vestigiis
1645 1919 1837 1989 inherentes.

164 2014 329 2096 prefatum
360 2015 450 2078 beati
473 2015 644 2079 Ambrosii
673 2016 915 2090 monasterium,
946 2016 1037 2095 quod
1070 2018 1101 2078 in
1125 2015 1316 2078 Florentino
1347 2014 1540 2095 episcopatu
1571 2019 1629 2087 est,
1662 2030 1736 2073 cum
1765 2017 1837 2073 tota

166 2103 371 2188 Petraplena,
393 2106 426 2167 in
449 2124 516 2184 quo
539 2104 649 2168 divino
673 2105 855 2187 mancipate
879 2104 957 2168 estis
980 2106 1151 2185 obsequio,
1173 2105 1234 2167 sub
1251 2105 1338 2168 beati
1354 2104 1441 2167 Petri
1457 2111 1489 2166 et
1504 2110 1616 2165 nostra
1631 2101 1838 2182 protectione

165 2193 360 2277 suscipimus
393 2201 426 2256 et
466 2196 626 2276 presentis
656 2196 768 2277 scripti
801 2194 970 2277 privilegio
1001 2194 1248 2258 communimus.
1305 2191 1510 2268 Statuentes,
1547 2198 1583 2255 ut
1613 2208 1837 2270 quascumque

167 2284 406 2366 possessiones,
438 2302 645 2365 quecumque
674 2285 762 2347 bona
794 2284 881 2348 idern
914 2286 1145 2347 monasterium
1176 2284 1207 2346 in
1238 2284 1475 2366 presentiarum
1505 2281 1588 2344 iuste
1619 2287 1652 2342 et
1682 2278 1837 2343 canonice

167 2374 316 2455 possidet
338 2380 394 2436 aut
417 2375 449 2436 in
473 2372 614 2435 futurum
638 2375 852 2438 concessione
875 2373 1075 2456 pontificum,
1098 2372 1287 2436 liberalitate
1311 2392 1433 2454 regum,
1455 2370 1627 2452 largitione
1645 2368 1837 2451 principum,

164 2463 333 2526 oblatione
363 2461 505 2525 fidelium
535 2480 594 2524 seu
628 2462 697 2526 aliis
729 2465 820 2526 iustis
850 2464 958 2527 modis
996 2465 1061 2526 deo
1093 2463 1236 2546 propitio
1274 2462 1396 2544 poterit
1427 2460 1580 2543 adipisci,
1619 2458 1712 2522 firma
1743 2457 1836 2521 vobis

164 2554 344 2634 vestrisque
367 2551 620 2614 succedentibus
644 2560 678 2615 et
701 2551 821 2616 illibata
845 2561 1066 2635 permaneant.
1112 2552 1148 2615 In
1172 2551 1289 2634 quibus
1311 2551 1373 2614 hec
1396 2551 1537 2632 propriis
1553 2549 1706 2611 duximus
1729 2549 1837 2630 expri-

165 2643 281 2705 menda
312 2641 500 2704 vocabulis:
540 2641 712 2704 ecclesiam
749 2642 851 2706 sancti
882 2640 1053 2707 Michaelis
1090 2644 1123 2705 in
1153 2640 1313 2704 Palchitto
1353 2640 1435 2703 infra
1470 2640 1634 2703 civitatem
1665 2637 1835 2724 Florentie,

165 2731 334 2795 ecclesiam
354 2732 458 2794 sancti
475 2730 585 2794 lacobi
609 2731 641 2793 in
657 2731 807 2814 Bagnolo
823 2731 961 2808 Cotone,
984 2741 1018 2795 et
1041 2741 1150 2795 cetera
1172 2751 1191 2793 a
1215 2731 1301 2818 bone
1324 2731 1481 2817 memorie
1499 2727 1680 2804 Gotifredo,
1703 2726 1835 2790 Floren-

165 2822 227 2885 tino
252 2820 415 2903 episcopo
433 2820 469 2902 ²),
493 2821 649 2883 canonice
671 2822 766 2884 vobis
789 2841 953 2886 concessa.
1000 2820 1217 2902 Quocumque
1240 2822 1339 2883 etiam
1362 2841 1381 2882 a
1402 2817 1692 2902 predecessoribus
1707 2818 1835 2891 nostris,

165 2910 257 2999 beate
270 2908 506 2973 recordationis
518 2909 672 2973 videlicet
682 2908 855 2987 Nicholao,
867 2908 1070 2987 Alexandro,
1085 2909 1287 2986 Innocentio,
1299 2929 1358 2992 per
1370 2908 1532 2972 autentica
1544 2906 1713 2990 privilegia
1726 2906 1834 2968 eidem

167 3000 364 3064 monasterio
389 3018 547 3061 concessa
570 3007 653 3076 sunt,
677 3021 736 3063 nos
761 3020 894 3083 quoque
909 3001 1005 3064 vobis
1020 3009 1053 3064 et
1068 3000 1130 3082 ipsi
1147 3001 1344 3062 monasterio
1361 2998 1602 3061 confirmamus.
1641 2994 1834 3078 Recipiendi

166 3093 260 3154 etiam
289 3086 478 3152 oblationes
496 3091 537 3167 ⁸),
560 3096 628 3152 tam
654 3110 716 3171 pro
738 3090 827 3166 vivis,
851 3109 950 3170 quam
977 3111 1038 3172 pro
1066 3089 1236 3164 defunctis,
1263 3089 1389 3170 absque
1417 3087 1550 3151 alicuius
1578 3085 1835 3149 contradictione

167 3180 296 3244 liberam
314 3178 411 3242 vobis
426 3178 637 3242 concedimus
654 3178 848 3242 facultatem.
887 3178 1042 3243 Obeunte
1056 3199 1135 3242 vero
1158 3187 1200 3254 te,
1225 3198 1308 3241 nunc
1332 3178 1477 3241 eiusdem
1501 3176 1564 3240 loci
1587 3174 1762 3251 abbatissa,
1784 3174 1836 3238 vel

167 3278 289 3333 tuarum
316 3267 461 3348 qualibet
483 3268 738 3344 succedentium,
763 3267 848 3331 nulla
873 3270 918 3332 ibi
943 3268 1089 3352 qualibet
1104 3269 1316 3351 surreptionis
1339 3269 1458 3330 astutia
1472 3285 1530 3330 seu
1546 3264 1700 3329 violentia
1716 3285 1835 3348 prepo-

167 3367 266 3434 natur,
281 3357 342 3421 nisi
359 3377 457 3439 quam
474 3376 603 3421 sorores
618 3360 784 3421 communi
805 3377 965 3422 consensu
977 3359 1030 3421 vel
1047 3377 1122 3441 pars
1135 3357 1258 3420 consilii
1270 3358 1408 3421 sanioris
1424 3355 1602 3419 secundum
1616 3355 1669 3418 dei
1681 3356 1835 3418 timorem

167 3458 194 3512 et
206 3448 298 3513 beati
316 3447 488 3510 Benedicti
504 3447 649 3529 regulam
665 3448 867 3529 providerint
887 3448 1080 3531 eligendam.
1111 3446 1226 3510 Electa
1244 3466 1333 3523 vero,
1348 3449 1431 3510 sicut
1448 3446 1567 3509 iustitia
1583 3445 1692 3526 exigit,
1709 3444 1750 3507 ab
1770 3444 1835 3527 epi·

166 3558 266 3621 scopo
282 3536 475 3600 Florentino
500 3537 722 3600 investituram
737 3539 902 3620 suscipiat.
941 3535 1157 3601 Prohibemus
1180 3544 1299 3612 autem,
1323 3544 1359 3599 ut
1381 3534 1456 3599 nulli
1478 3543 1556 3617 post
1575 3534 1696 3597 factam
1712 3532 1835 3597 ibidem

168 3626 401 3711 professionem
418 3625 543 3705 absque
559 3625 723 3711 abbatisse
740 3633 773 3688 et
788 3626 922 3709 capituli
939 3626 1068 3690 licentia
1084 3627 1126 3689 ad
1143 3625 1206 3689 alia
1221 3625 1294 3689 loca
1309 3626 1445 3689 transire
1460 3623 1565 3687 liceat.
1601 3622 1836 3687 Discedentem

168 3737 239 3782 vero
257 3714 345 3779 nulla
369 3715 591 3779 ecclesiastica
614 3714 809 3779 secularisve
832 3736 973 3799 persona
990 3717 1114 3796 absque
1130 3717 1317 3778 comunlum
1338 3715 1516 3778 litterarum
1533 3713 1682 3776 cautione
1698 3713 1837 3777 retinere

170 3813 341 3890 presumat.
387 3801 595 3886 Sepulturam
620 3823 753 3886 quoque
776 3807 878 3887 ipsius
902 3805 964 3870 loci
988 3806 1125 3870 liberam
1149 3825 1220 3868 esse
1244 3806 1455 3879 decernimus,
1480 3811 1515 3865 ut
1538 3823 1651 3866 eorum
1672 3803 1837 3865 devotioni

171 3905 198 3959 et
218 3903 370 3982 extreme
392 3893 560 3970 voluntati,
593 3896 648 3976 qui
678 3913 714 3956 se
745 3892 810 3958 illic
832 3894 961 3977 sepeliri
989 3895 1249 3971 deliberaverint,
1281 3895 1337 3957 nisi
1360 3894 1445 3957 forte
1468 3892 1740 3956 excommunicati
1763 3893 1836 3967 sint,

171 3986 271 4049 nullus
311 3984 466 4058 obsistat,
497 3982 585 4046 salva
623 3984 743 4047 iustitia
774 3987 916 4047 matricis
949 3984 1093 4072 ecclesie.
1149 3984 1364 4071 Decernimus
1397 4003 1489 4065 ergo,
1521 3990 1557 4045 ut
1588 3980 1667 4045 nulli
1700 3984 1836 4045 omnino

171 4073 336 4139 hominum
359 4072 463 4147 liceat,
487 4072 651 4154 prefatum
675 4073 905 4137 monasterium
929 4082 1053 4138 temere
1076 4075 1265 4157 perturbare
1289 4081 1344 4137 aut
1367 4073 1434 4136 eius
1457 4072 1683 4155 possessiones
1709 4071 1837 4135 auferre

172 4164 214 4228 vel
237 4163 366 4228 ablatas
390 4162 536 4238 retinere,
566 4162 710 4225 minuere
741 4182 798 4227 seu
830 4163 1029 4246 quibuslibet
1051 4164 1280 4227 vexationibus
1312 4162 1457 4244 fatigare,
1487 4169 1538 4224 set
1568 4163 1679 4225 omnia
1711 4163 1837 4243 integra

172 4262 408 4327 conserventur,
438 4253 553 4315 vestris
584 4259 618 4315 et
648 4251 795 4328 aliorum,
828 4274 889 4335 pro
922 4273 1061 4334 quorum
1092 4254 1328 4336 gubernatione
1359 4259 1393 4316 et
1419 4252 1658 4315 sustentatione
1682 4270 1837 4314 concessa

171 4351 244 4418 sunt,
269 4342 383 4404 usibus
408 4340 604 4405 omnimodis
628 4341 807 4423 profutura,
830 4342 920 4406 salva
934 4344 1020 4408 sedis
1037 4342 1218 4431 apostolice
1234 4342 1426 4406 auctoritate
1446 4349 1479 4404 et
1494 4340 1670 4404 Florentini
1686 4341 1836 4423 episcopi

171 4434 322 4496 canonica
352 4430 479 4494 iustitia.
525 4430 581 4493 Ad
615 4431 765 4494 inditium
795 4439 904 4495 autem
935 4430 1030 4496 huius
1062 4453 1081 4494 a
1111 4432 1190 4495 sede
1222 4431 1403 4514 apostolica
1435 4437 1591 4513 percepte
1623 4430 1837 4512 protectionis

171 4521 339 4586 duodecim
364 4520 517 4583 denarios
532 4519 688 4582 Lucensis
712 4529 842 4608 monete
866 4522 961 4584 nobis
978 4523 1163 4604 nostrisque
1179 4520 1419 4585 successoribus
1440 4519 1620 4583 annualiter
1635 4519 1836 4601 persolvetis.

170 4609 197 4675 Si
220 4632 288 4692 qua
319 4611 417 4692 igitur
447 4609 645 4673 infuturum
676 4608 893 4673 ecclesiastica
924 4610 1118 4674 secularisve
1141 4630 1297 4694 persona,
1327 4608 1421 4672 huius
1453 4617 1562 4672 nostre
1595 4610 1836 4672 constitutionis

170 4702 318 4786 paginam
341 4701 457 4774 sciens,
481 4707 594 4761 contra
617 4717 689 4762 eam
712 4706 836 4763 temere
860 4702 971 4764 venire
994 4701 1211 4783 temptaverit,
1238 4701 1382 4763 secundo
1406 4699 1543 4762 tertiove
1566 4700 1777 4774 commonita,
1808 4700 1835 4761 si

169 4813 225 4856 non
250 4788 478 4855 satisfactione
502 4806 646 4870 congrua
669 4791 901 4864 emendaverit,
925 4792 1100 4873 potestatis
1124 4788 1324 4872 honorisque
1346 4790 1394 4851 sui
1416 4789 1577 4871 dignitate
1601 4795 1710 4850 careat
1733 4807 1837 4851 ream·

169 4902 224 4962 que
256 4901 294 4944 se
328 4880 438 4942 divino
470 4878 591 4940 iudicio
624 4879 764 4941 existere
795 4880 837 4942 de
868 4888 1056 4962 perpetrata
1087 4880 1255 4959 iniquitate
1286 4885 1474 4962 cognoscat,
1508 4885 1541 4941 et
1570 4897 1589 4941 a
1620 4877 1835 4941 sacratissimo

168 4990 304 5053 corpore
328 4989 368 5031 ac
392 4968 546 5049 sanguine
580 4966 632 5029 dei
655 4973 688 5029 et
718 4968 852 5046 domini,
883 4970 1101 5051 redemptoris
1132 4972 1234 5032 nostri
1258 4969 1331 5032 Iesu
1357 4967 1483 5042 Christi,
1515 4964 1705 5041 alienafiat,
1737 4975 1836 5049 atque

167 5060 194 5121 in
216 5067 372 5122 extremo
398 5057 548 5119 examine
572 5055 716 5118 districte
747 5056 913 5121 subiaceat
942 5059 1065 5121 ultioni.
1112 5057 1246 5122 Cunctis
1269 5068 1387 5133 autem,
1408 5054 1414 5141 Ι
1434 5057 1541 5120 eidem
1566 5056 1640 5119 loco
1664 5058 1749 5120 iusta
1771 5077 1835 5119 ser-

166 5149 324 5222 vantibus,
340 5147 392 5209 ·sit
415 5166 481 5227 pax
505 5144 630 5208 domini
654 5147 757 5208 nostri
781 5145 854 5210 Iesu
870 5146 998 5223 Christi,
1020 5147 1170 5226 quatinus
1195 5149 1304 5212 ethic
1328 5149 1467 5212 fructum
1492 5147 1580 5233 bone
1603 5147 1739 5210 actionis
1764 5168 1836 5229 per·

166 5241 285 5322 cipiant
311 5237 400 5301 etin
425 5235 532 5298 futuro
557 5236 683 5316 premia
706 5243 821 5387 eterne
841 5237 930 5318 pacis
954 5238 1126 5300 inveniant.
1173 5237 1291 5302 Arnen.
1316 5238 1434 5301 Amen.
1459 5234 1578 5298 Amen.

377 5321 436 5409 (R)
459 5323 532 5407 Ego
556 5324 721 5406 Eugenius
745 5333 798 5388 cat
823 5325 905 5413 olice
929 5325 1064 5415 ecclesie
1089 5327 1264 5411 episcopus
1287 5349 1328 5391 ss.
1352 5329 1414 5406 (M)

377 5417 397 5500 †
422 5413 494 5496 Ego
518 5413 688 5478 Conradus
711 5410 902 5479 Sabinensis
925 5419 1100 5500 episcopus
1124 5436 1165 5478 ss.

219 5556 228 5561 ..
235 5550 588 5560 --ω--κ--ψ--ᾀ-

319 5613 346 5676 ι)
366 5611 424 5660 Das
450 5616 541 5659 ersteo
569 5609 647 5659 durch
669 5609 803 5660 Korvcctur
828 5609 965 5677 hergcstdlt.
984 5649 1037 5657 -.
1057 5612 1093 5679 .1)
1115 5610 1198 5678 Jaffe',
1227 5614 1284 5678 Reg.
1305 5611 1383 5676 5795,
1415 5611 1457 5662 Or.
1482 5607 1516 5659 r'm
1535 5608 1647 5660 Archrbr'o
1671 5608 1698 5660 di
1714 5610 1782 5660 Stolo
1808 5625 1836 5657 su

163 5684 261 5736 florem.
339 5689 365 5750 2)
389 5682 515 5746 Gotlsn'cd,
536 5681 638 5747 Bisthos
650 5698 698 5732 uon
716 5682 821 5743 Florem,
841 5684 1019 5734 1113-1142.

1880 5518 1954 5816 l
