3982 6194
153 267 197 349 96

154 458 295 539 positam
327 457 360 517 in
392 454 512 518 eodem
543 454 667 536 burgo,
697 474 772 518 cum
803 456 1007 538 pertinentiis
1037 456 1119 531 suis,
1152 452 1312 536 capellam
1343 459 1456 516 sancte
1479 453 1583 516 Marie
1614 453 1658 516 de
1690 449 1832 535 Sponge

154 566 228 608 cum
254 540 482 630 [pertinentiis
505 545 581 618 suis,
604 543 762 626 capellam
786 545 889 606 sancti
913 541 1094 607 Salvatoris
1117 543 1159 606 de
1183 541 1276 606 Colle
1297 543 1399 605 veteri
1426 562 1500 604 cum
1524 542 1730 624 pertinentiis
1753 543 1831 616 suis,

154 634 314 717 capellam
338 634 440 696 sancti
463 631 611 695 Nicholai
636 633 678 695 de
703 631 818 696 Castro
838 633 866 715 a)
890 654 977 696 novo
1001 633 1087 696 colle
1110 652 1184 695 cum
1208 633 1410 714 pertinentiis
1433 633 1509 705 suis,
1538 630 1698 713 capellam
1723 632 1830 694 sancti

153 724 251 786 Blasii
276 725 365 785 iuxta
388 724 587 785 territorium
611 720 718 804 plebis
741 724 845 784 sancti
861 723 969 805 Ipoliti
986 742 1060 785 cum
1077 721 1280 805 pertinentiis
1295 723 1370 797 suis,
1394 719 1553 802 capellam
1568 723 1673 784 sancti
1689 718 1831 783 Andree

153 814 197 875 de
220 810 329 876 Strata
358 832 432 874 cum
463 811 666 893 pertinentiis
697 811 771 887 suis,
802 811 962 894 capellam
994 820 1182 874 sanctorum
1205 809 1359 893 Phylippi
1390 818 1424 873 et
1453 809 1565 872 Iacobi
1594 811 1637 872 de
1669 807 1829 890 Quartaio

155 922 228 964 cum
253 901 456 983 pertinentiis
478 902 552 975 suis,
577 899 738 982 capellam
762 902 865 963 sancti
889 902 966 963 lusti
991 901 1033 962 de
1057 901 1217 963 Menzano
1241 921 1316 963 cum
1339 899 1542 982 pertinentiis
1565 901 1641 975 suis,
1665 900 1829 982 primitias

155 1000 188 1053 et
218 991 363 1053 decimas
395 989 509 1072 populi
539 990 582 1051 de
605 987 755 1052 Senzano
786 998 819 1053 et
849 991 892 1052 de
916 987 1057 1052 Oliveto.
1104 989 1303 1071 Precipimus
1330 1008 1419 1070 ergo,
1451 997 1486 1050 ut
1517 990 1636 1051 nemini
1668 988 1828 1051 laicorum

154 1079 291 1142 facultas
314 1080 362 1154 sit,
387 1079 530 1158 aliquam
561 1079 603 1141 de
627 1079 762 1161 capellis
784 1086 841 1141 aut
863 1080 1008 1153 decimis,
1038 1078 1081 1141 ad
1104 1079 1326 1161 supradictam
1359 1077 1490 1160 plebem
1515 1077 1768 1160 pertinentibus,
1797 1079 1827 1140 in

154 1169 286 1232 alterius
310 1168 448 1231 ecclesie
472 1168 653 1230 dominium
677 1169 815 1231 tradere.
859 1169 934 1231 Tibi
958 1177 1067 1230 autem
1091 1188 1130 1231 ac
1157 1167 1400 1230 successoribus
1422 1167 1493 1241 tuis,
1524 1168 1580 1247 qui
1605 1187 1665 1249 per
1687 1166 1828 1230 Romani

155 1257 317 1340 pontificis
341 1277 535 1320 consensum
560 1258 590 1319 in
614 1258 731 1321 eadem
755 1257 853 1340 plebe
881 1258 932 1320 vel
963 1257 1101 1320 ecclesia
1130 1255 1393 1339 archipresbiteri
1416 1255 1546 1332 fuerint,
1576 1256 1727 1319 debitam
1752 1255 1827 1319 obe·

155 1348 309 1410 dientiam
333 1346 561 1409 confirmamus
584 1347 627 1409 de
650 1348 801 1410 omnibus
824 1346 968 1429 capelliS,
992 1367 1056 1428 que
1079 1349 1256 1409 constitute
1279 1355 1355 1408 sunt
1368 1345 1420 1408 vel
1444 1344 1573 1407 fuerunt
1594 1348 1627 1409 in
1643 1343 1826 1428 parrochia,

154 1437 196 1498 ad
220 1436 442 1518 supradictam
466 1436 554 1498 beati
576 1435 721 1498 Faustini
746 1436 917 1499 ecclesiam
942 1437 1133 1518 pertinente,
1162 1437 1245 1498 intra
1270 1455 1360 1514 quas,
1389 1435 1416 1496 si
1439 1437 1646 1517 oportunitas
1670 1437 1826 1516 exegerit

154 1526 280 1606 absque
304 1526 565 1587 contradictione
588 1525 762 1588 cuiuslibet
784 1546 884 1588 novas
908 1524 1051 1608 capellas
1073 1525 1126 1588 vel
1150 1524 1322 1587 ecclesiam
1350 1523 1523 1586 edificandi
1546 1524 1642 1587 vobis
1664 1523 1826 1587 licentiam

155 1614 368 1696 indulgemus.
423 1612 576 1677 Obeunte
608 1634 687 1677 vero
719 1624 767 1688 te,
807 1635 891 1677 nunc
921 1616 1068 1677 eiusdem
1099 1614 1164 1677 loci
1197 1612 1479 1696 archipresbitero,
1513 1612 1617 1675 nullus
1647 1613 1679 1675 in
1711 1614 1826 1676 eadem

155 1703 294 1766 ecclesia
317 1703 465 1785 qualibet
487 1705 700 1786 surreptionis
723 1706 842 1766 astutia
857 1704 909 1766 vel
925 1704 1079 1766 violentia
1095 1710 1304 1786 preponatur,
1328 1705 1388 1765 nisi
1405 1722 1503 1782 quem
1527 1703 1675 1765 eiusdem
1692 1701 1828 1790 ecclesie

156 1793 261 1856 clerici
284 1793 347 1855 sibi
369 1812 502 1875 preesse
523 1793 724 1875 providerint
747 1801 781 1855 et
795 1793 936 1855 Romani
959 1792 1120 1875 pontificis
1143 1812 1293 1855 assensus
1316 1792 1514 1873 probaverit.
1560 1790 1694 1866 Crisma,
1720 1792 1827 1855 oleum

155 1890 312 1956 sanctum,
336 1883 558 1944 ordinationes
581 1881 771 1945 clericorum
795 1883 838 1945 ab
862 1884 1030 1965 episcopo,
1054 1885 1085 1944 in
1110 1882 1198 1944 cuius
1213 1882 1339 1944 diocesi
1359 1881 1444 1956 estis,
1467 1881 1643 1963 accipietis,
1666 1881 1828 1964 siquidem

155 1972 291 2054 gratiam
315 1978 413 2052 atque
436 1973 702 2034 communionem
726 1971 909 2054 apostolice
932 1973 1017 2034 sedis
1045 1969 1196 2033 habuerit
1224 1977 1257 2032 et
1280 1972 1307 2033 si
1331 1990 1369 2032 ea
1392 1973 1493 2052 gratis
1516 1991 1554 2033 ac
1577 1971 1645 2033 sine
1669 1971 1828 2053 pravitate

154 2060 292 2123 voluerit
315 2058 480 2123 exhibere.
526 2059 686 2139 Alioquin
709 2060 805 2124 liceat
826 2060 929 2136 vobiS,
960 2060 1165 2134 catholicum,
1196 2079 1295 2139 quem
1319 2058 1505 2135 malueritis,
1535 2060 1626 2123 adire
1649 2061 1827 2123 antistitem

156 2158 189 2212 et
211 2150 254 2212 ab
278 2169 318 2211 eo
342 2151 624 2212 consecrationum
647 2158 851 2213 sacramenta
869 2150 901 2231 b)
924 2151 1096 2233 suscipere,
1121 2149 1175 2231 qui
1190 2148 1371 2235 apostolice
1387 2149 1474 2212 sedis
1495 2147 1592 2211 fultus
1612 2144 1827 2234 auc[toritate,

155 2235 215 2324 eal,
239 2258 303 2318 que
326 2235 564 2324 pos[tulantur],
586 2238 761 2320 indulgeat.
807 2238 1013 2321 Capellarum
1036 2259 1115 2301 vero
1138 2245 1173 2301 et
1195 2238 1311 2320 plebiS,
1343 2241 1370 2300 si
1399 2237 1589 2320 oportuerit,
1614 2240 1828 2315 consecratio,

156 2348 222 2390 non
251 2328 310 2390 nisi
343 2335 502 2411 precepto
525 2328 666 2391 Romani
698 2328 861 2410 pontificis
891 2327 956 2391 fiat.
1001 2329 1202 2410 Precipimus
1226 2327 1332 2402 etiam,
1363 2347 1404 2390 ne
1436 2327 1589 2390 militibus
1619 2326 1726 2403 liceat,
1759 2348 1828 2411 par·

155 2416 383 2480 rochianorum
403 2426 585 2480 vestrorum
609 2419 755 2480 decimas
778 2420 845 2480 suis
868 2418 978 2480 usibus
1001 2417 1184 2492 vendicare,
1207 2425 1258 2478 set
1280 2418 1371 2479 iuxta
1394 2418 1568 2479 canonicas
1590 2416 1776 2479 sanctiones
1798 2418 1830 2480 in

155 2508 205 2569 ius
238 2506 374 2592 ecclesie
404 2505 618 2569 conferantur.
664 2508 765 2570 Porro
796 2506 996 2590 sepulturam
1020 2507 1167 2569 eiusdem
1197 2505 1261 2568 loci
1292 2505 1428 2569 liberam
1452 2506 1524 2568 esse
1548 2505 1765 2581 decernimus,
1795 2513 1830 2569 ut

157 2614 279 2670 eorum,
311 2598 367 2676 qui
397 2615 433 2657 se
456 2595 519 2658 illic
549 2594 690 2677 sepelliri
723 2596 984 2671 deliberaverint,
1014 2596 1180 2658 devotioni
1213 2603 1246 2657 et
1276 2602 1423 2670 extreme
1447 2595 1619 2669 voluntati,
1652 2595 1712 2656 nisi
1744 2594 1830 2658 forte

156 2686 432 2747 excommunicati
454 2684 506 2746 vel
529 2685 692 2748 interdicti
714 2687 788 2758 sint,
821 2679 926 2748 nullus
949 2686 1097 2748 obsistat.
1143 2684 1225 2748 Illud
1248 2693 1359 2747 autem
1386 2685 1586 2747 omnimodis
1617 2683 1830 2766 prohibemus

157 2782 190 2836 et
213 2774 341 2856 penitus
364 2774 589 2848 interdicimus
621 2794 662 2836 ne
695 2773 887 2837 clericorum
920 2794 971 2837 res
995 2783 1072 2857 post
1104 2794 1217 2837 eorum
1241 2773 1367 2836 obitum
1391 2774 1509 2852 aliquis
1540 2773 1661 2837 audeat
1692 2773 1830 2861 ecclesie

155 2863 318 2944 vobisque
341 2861 543 2938 subtrahere,
565 2864 624 2925 sed
648 2864 737 2925 iuxta
761 2864 932 2926 canonicas
955 2865 1141 2926 sanctiones
1165 2865 1274 2926 omnia
1290 2862 1428 2926 ecclesie
1444 2870 1656 2926 reserventur.
1702 2863 1776 2926 Nec
1799 2865 1832 2926 in

157 2952 295 3015 ecclesia
325 2954 396 3034 ipsa
427 2951 479 3014 vel
509 2951 640 3035 capellis
661 2950 687 3036 c)
719 2953 786 3015 eius
816 2962 929 3016 contra
959 2952 1229 3015 deliberationem
1253 2959 1395 3014 vestram
1427 2950 1542 3032 aliquis
1560 2952 1589 3032 d)
1612 2952 1831 3034 presbiterum

156 3041 333 3104 clericosve
357 3041 543 3103 constituat.
587 3039 718 3104 Nemini
742 3062 822 3123 ergo
846 3040 980 3105 facultas
1003 3044 1053 3117 sit,
1084 3041 1258 3104 ecclesiam
1282 3043 1388 3123 ipsam
1411 3049 1536 3104 temere
1559 3041 1753 3123 perturbare
1777 3050 1833 3105 aut

155 3130 251 3193 vobis
273 3129 492 3193 helemosinas
520 3133 690 3213 surripere,
720 3151 785 3210 que
807 3151 850 3194 ex
874 3139 1076 3194 mortuorum
1101 3131 1223 3194 iudiciis
1247 3125 1466 3214 palrrlochiali
1499 3130 1662 3193 debentur
1683 3131 1832 3217 ecclesie,

156 3227 212 3282 aut
234 3218 375 3301 capellas
399 3219 504 3301 plebis
528 3229 634 3306 vestre
657 3221 820 3295 invadere,
850 3240 907 3283 seu
931 3240 1138 3302 quecumque
1169 3221 1269 3302 ipsius
1293 3227 1368 3281 sunt
1390 3218 1443 3281 vel
1473 3218 1599 3293 fuerint,
1630 3219 1833 3300 quibuslibet

157 3309 384 3372 occasionibus
399 3306 535 3372 auferre.
574 3308 630 3371 Ad
647 3310 803 3372 indicium
821 3318 929 3372 autem
946 3310 1153 3392 proprietatis
1169 3308 1264 3372 huius
1286 3322 1336 3370 ΧΠ
1353 3328 1506 3371 nummos
1529 3309 1623 3372 nobis
1644 3311 1833 3391 nostrisque

156 3398 398 3460 successoribus
429 3398 520 3460 annis
551 3398 687 3480 singulis
716 3398 920 3480 persolvetis
966 3396 1000 3461 Si
1031 3401 1103 3478 quis
1135 3406 1255 3473 autem,
1287 3398 1410 3460 decreti
1433 3395 1526 3460 huius
1550 3408 1665 3461 tenore
1688 3401 1834 3480 cognito,

156 3494 280 3550 temere
310 3488 472 3550 contraire
495 3490 713 3570 temptaverit,
745 3489 804 3550 nisi
835 3490 901 3551 deo
925 3495 958 3550 et
985 3486 1121 3550 ecclesie
1149 3487 1304 3550 fratribus
1331 3484 1335 3567 Ι
1364 3486 1565 3563 satisfecerit,
1596 3487 1835 3569 omnipotentis

156 3576 209 3638 dei
233 3584 266 3638 et
286 3575 315 3658 e)
338 3577 426 3639 beati
447 3582 477 3654 e)
503 3575 598 3652 Petri,
621 3577 845 3660 apostolorum
869 3577 1033 3659 principis,
1056 3577 1278 3659 indignatione
1302 3575 1478 3658 plectatuR.
1502 3613 1546 3623 -

370 3666 424 3743 (R)
449 3665 522 3747 Ego
546 3667 711 3747 Eugenius
736 3665 897 3752 catholice
921 3666 1059 3752 ecclesie
1082 3667 1258 3749 episcopus
1280 3685 1322 3727 ss.
1346 3667 1408 3745 (M)

368 3756 389 3833 †
412 3754 485 3835 Ego
508 3753 648 3816 Ymarus
671 3754 874 3818 Tusculanus
898 3757 1074 3837 episcopus
1098 3775 1139 3818 ss.
1163 3753 1211 3840 (7)

368 3878 412 3888 —
434 3842 454 3924 †
478 3843 551 3924 Ego
574 3842 747 3906 Hubaldus
770 3845 931 3926 presbiter
954 3844 1128 3908 cardinalis
1151 3846 1200 3907 tit.
1223 3851 1337 3906 sancte
1361 3842 1519 3905 Praxedis
1542 3862 1583 3907 ss.
1607 3839 1657 3927 (4)

368 3930 388 4012 †
411 3930 484 4013 Ego
508 3930 681 3994 Aribertus
705 3933 868 4014 presbiter
891 3933 1063 3996 cardinalis
1085 3934 1131 3996 tit
1156 3941 1267 4020 sancte
1289 3933 1464 4018 Anastasie
1487 3952 1529 3994 ss.

368 4019 389 4101 †
412 4021 485 4102 Ego
509 4019 607 4083 Iulius
630 4022 791 4104 presbiter
813 4022 983 4085 cardinalis
1006 4025 1054 4085 tit.
1077 4025 1179 4086 sancti
1204 4021 1348 4086 Marcelli
1371 4041 1412 4082 ss.
1436 4019 1482 4107 (1)

369 4143 413 4153 -
428 4111 449 4188 †
464 4110 537 4191 Ego
550 4107 750 4173 Octavianus
767 4112 922 4174 diaconus
938 4111 1109 4175 cardinalis
1126 4114 1228 4175 sancti
1240 4111 1366 4174 Nicolai
1379 4111 1410 4172 in
1422 4131 1552 4174 carcere
1564 4110 1717 4176 Tulliano
1729 4132 1774 4175 ss.
1786 4114 1835 4194 (5)

368 4196 389 4277 †
412 4198 484 4279 Ego
510 4197 633 4261 Grecus
656 4200 811 4262 diaconus
835 4199 1008 4263 cardinalis
1027 4201 1056 4280 s)
1080 4210 1267 4264 sanctorum
1291 4198 1397 4281 Sergii
1421 4207 1455 4262 et
1477 4199 1579 4263 Bachi
1603 4221 1644 4264 ss.

316 4286 392 4348 Dat.
414 4285 550 4362 Viterbi,
578 4308 636 4370 per
660 4308 792 4351 manum
817 4288 1001 4365 GUIDONIS,
1032 4299 1145 4354 sancte
1169 4290 1317 4377 Romane
1341 4288 1475 4375 ecclesie
1498 4290 1629 4352 diaconi
1660 4291 1835 4354 cardinalis

157 4384 190 4439 et
223 4375 415 4438 cancellarii.
462 4390 525 4437 xm
554 4376 608 4439 Kl.
631 4377 763 4459 Aprilis.
808 4379 987 4442 Indictione
1017 4394 1062 4442 XI.
1108 4379 1340 4443 Incamationis
1363 4380 1528 4464 dominice
1551 4398 1637 4441 anno
1661 4392 1835 4445 MCXLvm.

156 4464 367 4529 Pontificatus
390 4485 468 4527 vero
491 4466 604 4528 domni
628 4467 782 4530 EUGENII
804 4469 862 4531 ΡΡ.
887 4483 925 4530 111
947 4489 1033 4531 anno
1058 4471 1181 4551 quinte.
1205 4504 1248 4517 —

320 4578 362 4627 Or.
382 4578 414 4627 im
432 4579 546 4629 Archivio
568 4579 701 4644 Capitolare
719 4597 748 4629 au
770 4581 840 4634 Colle.

319 4650 387 4714 Perg.
407 4650 467 4710 ital,
485 4653 519 4701 br.
539 4653 623 4712 0,593,
642 4653 702 4717 lang
719 4654 788 4715 0,67,
813 4660 889 4702 tantm
907 4654 969 4714 0,03
986 4654 1175 4720 umgeschlagen,
1201 4655 1278 4704 durch
1295 4655 1353 4705 rwei
1368 4656 1461 4706 L'o'rher
1474 4655 1536 4721 ging
1558 4655 1596 4705 die
1613 4654 1724 4714 Sciam,
1749 4654 1837 4704 welche

157 4723 202 4772 mi!
224 4724 277 4771 dem
295 4722 419 4787 Bleisiegel
439 4725 555 4772 verloren.
592 4724 701 4789 Fallung
724 4725 767 4773 der
790 4725 887 4774 Bullcn.
924 4726 1033 4775 Initrble:
1056 4726 1266 4792 kcworgelwbem,
1292 4728 1446 4794 dojpcllimge
1472 4728 1634 4793 Uncialsorm.
1677 4727 1838 4793 Verewigung

157 4796 204 4844 Nr.
225 4793 380 4858 5PfJ100,
398 4795 468 4858 frillt
492 4797 578 4855 0,107.
615 4795 745 4859 lomcnpr
769 4795 940 4863 sclrmalleibige
966 4797 1132 4860 Buchstaben,
1160 4805 1184 4847 ct
1211 4800 1245 4848 bis
1267 4799 1346 4858 0,029
1374 4800 1548 4859 mcseinander,
1577 4815 1594 4864 g
1619 4798 1663 4847 mil
1686 4798 1836 4848 Halsstrict.

159 4867 303 4916 Zeilenweite
320 4868 407 4924 0,016.
445 4867 521 4914 Amen
541 4866 636 4931 schlen.
673 4869 727 4917 Der
749 4870 812 4917 letrte
835 4869 1127 4934 Hauptkr'irperburhstabe
1150 4869 1182 4918 ist
1210 4870 1378 4935 Mnjuskel·R‚
1403 4871 1515 4920 dairhrer
1537 4872 1574 4921 ein
1598 4870 1835 4935 Doppelitberpunkr.

157 4941 220 4987 Rota
244 4937 311 4986 nicht
330 4953 394 5002 ganz
419 4938 534 4987 bestimmt
556 4938 710 5004 ausgebr'ldete
735 4939 780 4989 Nr.
802 4945 840 5000 4⁸,
868 4942 1045 4991 Durchmesser
1062 4944 1150 5001 qood,
1175 4958 1222 4991 von
1248 4943 1291 4991 der
1313 4945 1393 4992 lemen
1412 4943 1474 4991 Zer'le
1495 4959 1516 4992 c.
1537 4945 1623 5004 0,011.
1662 4941 1835 5008 Monogramm

158 5010 205 5058 Nr.
225 5012 263 5069 50,
287 5008 465 5074 starkstriclrrg,
491 5009 550 5059 toci
568 5013 655 5072 0,066,
681 5012 741 5060 brcit
757 5013 844 5071 0,035.
882 5014 1017 5080 Ringkreur
1039 5014 1095 5063 und
1118 5013 1281 5079 Untcrschrrss
1302 5015 1390 5079 gleiche
1414 5014 1494 5062 Hand
1516 5015 1573 5063 und
1588 5014 1669 5072 Dinte,
1699 5013 1837 5078 Umsclmfl

157 5081 274 5130 vielleicbt
290 5081 327 5130 die
344 5080 420 5129 Dinte
443 5082 483 5130 des
499 5082 687 5146 Hauprkorpers.
724 5083 853 5150 Datimng
875 5101 929 5134 vom
953 5085 1252 5150 Hauptkiirperschreiber,
1281 5085 1403 5135 Gnidonis
1427 5087 1471 5134 mit
1493 5085 1670 5135 abweichender
1687 5084 1766 5134 Dinte
1787 5085 1835 5134 εἰη-

154 5161 276 5220 getragm.
313 5152 361 5202 Die
380 5152 560 5220 Zeugenfirmen
578 5155 645 5203 wohl
658 5171 706 5204 von
724 5156 768 5205 dcr
783 5158 859 5206 Dinte
876 5158 916 5206 des
932 5157 1122 5221 Hauptkrirpers.

317 5333 342 5390 a)
362 5336 384 5378 st
401 5329 524 5381 theilwerie
541 5334 592 5398 auf
606 5336 690 5384 Ramr
795 5335 821 5397 1))
840 5342 996 5385 sueramenta
1104 5339 1128 5401 c)
1148 5337 1156 5386 i
1174 5335 1226 5399 auf
1239 5337 1323 5383 Ramr
1429 5334 1457 5400 d)
1475 5349 1523 5383 von
1549 5332 1601 5383 tter
1616 5349 1650 5382 on
1669 5332 1716 5383 mit
1733 5332 1836 5385 aarderer

159 5400 234 5523 gezer
247 5401 404 5540 geseirieeeiph
482 5406 508 5470 e)
526 5407 579 5470 aus
587 5408 672 5455 Rasur
760 5407 781 5472 f)
800 5406 922 5457 diaconus
941 5424 971 5457 ca
993 5409 1045 5473 ores
1058 5411 1142 5457 Ranrr
1163 5407 1218 5456 und
1237 5422 1284 5455 vm
1302 5407 1358 5455 dor!
1380 5422 1413 5455 rm
1432 5406 1476 5455 mr't
1492 5405 1670 5455 nbroaeishender
1686 5405 1770 5456 Hand
1781 5404 1838 5456 und

223 5488 295 5522 ewer
306 5488 358 5539 erge
405 5483 436 5525 rt.
