3982 6194
1762 303 1821 370 117

174 488 216 550 Ad
237 480 389 547 indicium
413 490 524 544 autem
546 488 702 562 percepte
725 475 819 539 huius
842 496 862 538 a
883 476 962 538 sede
985 475 1169 557 apostolica
1199 476 1366 551 libertatis,
1398 474 1575 539 bisantium
1605 499 1705 540 unum
1728 477 1824 542 nobis

172 575 339 653 nostrisque
354 570 595 634 successoribus
611 568 705 630 annis
720 565 854 647 singulis
877 565 1078 647 persolvetis.
1124 566 1158 629 Si
1184 586 1249 647 qua
1272 567 1369 647 igitur
1384 567 1416 627 in
1442 565 1582 628 suturum
1606 568 1824 631 ecclesiastica

170 663 348 729 secularisve
370 680 521 743 persona,
545 658 629 721 hanc
653 667 762 719 nostre
786 655 1028 717 constitutionis
1043 655 1197 736 paginam
1218 655 1332 729 sciens,
1357 665 1470 718 contra
1491 676 1563 718 eam
1578 666 1699 720 temere
1715 661 1825 722 venire

168 751 372 836 temptaverit,
401 749 547 812 secundo
563 748 701 810 tertiove
717 744 927 819 commonita,
943 745 969 806 si
987 764 1053 805 non
1070 745 1293 807 satisfactione
1310 764 1454 825 congrua
1469 746 1643 808 emendare
1658 750 1824 825 curaverit,

110 874 112 881 ·
164 843 328 926 potestatis
358 838 559 919 honorisque
582 856 639 899 sue
674 835 834 916 dignitate
864 842 972 896 careat
1003 853 1157 914 reamque
1188 854 1223 895 se
1247 835 1358 896 divino
1383 834 1502 896 iudicio
1527 836 1666 899 existere
1690 838 1731 899 de
1753 859 1825 920 per·

162 942 283 1015 petrata
315 930 487 1010 iniquitate
522 936 715 1006 cognoscat,
755 930 788 985 et
815 943 835 984 a
864 923 1083 985 sacratissimo
1116 943 1254 1004 corpore
1286 944 1324 985 ac
1353 925 1509 1004 sanguine
1543 925 1595 987 dei
1627 936 1659 988 et
1692 927 1824 1004 domini,

160 1020 373 1102 redemptoris
397 1017 498 1079 nostri
528 1017 598 1079 lesu
623 1013 751 1087 Christi,
781 1011 975 1087 alienafiat,
1007 1023 1106 1093 atque
1138 1013 1170 1074 in
1194 1020 1342 1075 extremo
1366 1014 1516 1076 examine
1544 1014 1688 1078 districte
1711 1017 1825 1079 ultioni

157 1113 331 1174 subiaceat.
378 1106 512 1170 Cunctis
535 1114 653 1177 autem,
678 1102 785 1164 eidem
809 1102 884 1163 loco
907 1121 964 1163 sua
984 1096 988 1184 Ι
1010 1103 1078 1163 iura
1100 1102 1312 1175 servantibus,
1335 1103 1377 1164 sit
1400 1122 1467 1182 pax
1490 1103 1615 1166 domini
1639 1107 1740 1168 nostri
1755 1107 1825 1168 lesu

156 1200 281 1275 Christi,
315 1208 476 1280 quatenus
507 1203 540 1256 et
569 1194 622 1255 hic
655 1192 793 1253 lructum
822 1190 911 1252 bone
942 1191 1079 1252 actionis
1108 1191 1290 1272 percipiant
1313 1201 1347 1253 et
1370 1192 1457 1272 apud
1482 1192 1663 1256 districtum
1687 1195 1826 1258 iudicem

155 1292 279 1372 premia
303 1299 417 1352 eterne
440 1285 531 1366 pacis
555 1282 732 1344 inveniant.
776 1278 895 1342 Amen.
920 1279 996 1341 Am.
1021 1313 1064 1324 -
1088 1280 1207 1342 Amen.
1230 1315 1274 1324 —

369 1373 425 1453 (R)
449 1374 522 1453 Ego
545 1371 711 1451 Eugenius
735 1368 894 1454 catholice
918 1368 1052 1455 ecclesie
1076 1370 1251 1450 episcopus
1274 1390 1313 1431 ss.
1338 1370 1400 1446 (M)

369 1464 391 1542 †
412 1463 485 1543 Ego
510 1460 680 1524 Conradus
700 1458 890 1521 Sabinensis
914 1458 1089 1539 episcopus
1112 1468 1145 1520 et
1167 1459 1303 1521 vicarius
1327 1459 1439 1521 domni
1463 1478 1551 1540 pape
1567 1460 1705 1543 Eugenii
1722 1484 1762 1525 ss.
1779 1459 1826 1544 (ὁ)

368 1587 413 1596 -
436 1549 456 1632 †
479 1552 553 1630 Ego
577 1546 850 1627 GG.(Gregorius)
875 1548 1035 1627 presbiter
1057 1548 1230 1610 cardinalis
1252 1549 1300 1610 tit.
1325 1548 1443 1611 Calixti
1467 1569 1508 1610 ss.

370 1638 391 1722 †
414 1641 488 1720 Ego
511 1637 684 1701 Hubaldus
707 1637 869 1718 presbiter
892 1636 1065 1698 cardinalis
1088 1638 1136 1698 tit.
1160 1646 1272 1699 sancte
1295 1637 1451 1700 Praxedis
1474 1659 1514 1700 ss.
1539 1634 1586 1719 (2)

371 1727 391 1811 †
414 1730 487 1809 Ego
510 1727 681 1790 Rolandus
704 1725 865 1807 presbiter
887 1725 1060 1788 cardinalis
1084 1727 1131 1787 tit.
1154 1727 1257 1788 sancti
1283 1727 1384 1789 Marci
1408 1747 1449 1788 ss.

371 1816 392 1900 †
414 1819 487 1900 Ego
512 1817 675 1881 Gerardus
698 1815 860 1896 presbiter
882 1814 1054 1877 cardinalis
1078 1817 1125 1877 tit.
1150 1816 1309 1895 Stephani
1334 1817 1366 1877 in
1391 1816 1481 1878 Celio
1506 1827 1619 1879 monte
1642 1837 1682 1878 ss.
1706 1814 1754 1900 (1)

370 1942 415 1953 —
437 1904 458 1988 †
480 1908 554 1987 Ego
579 1906 647 1968 Oto
675 1905 833 1966 diaconus
867 1903 1038 1966 cardinalis
1067 1905 1170 1966 sancti
1194 1904 1326 1984 Georgii
1351 1905 1394 1966 ad
1417 1903 1537 1966 Velum
1562 1926 1694 1967 aureum
1717 1928 1758 1968 ss.
1782 1907 1828 1985 (3)

372 1994 392 2078 †
415 1996 488 2077 Ego
512 1994 725 2057 lldebrandus
749 2003 860 2077 sancte
883 1994 1034 2079 Romane
1058 1993 1214 2077 aecclesie
1239 1994 1397 2056 diaconus
1420 1995 1591 2057 cardinalis
1614 2015 1655 2056 ss

372 2083 393 2167 †
415 2086 488 2166 Ego
512 2083 695 2146 Bernardus
718 2092 829 2144 sancte
851 2083 1002 2144 Romane
1024 2083 1180 2145 aecclesie
1203 2082 1360 2145 diaconus
1383 2083 1555 2145 cardinalis
1578 2104 1618 2146 ss.

373 2172 393 2255 ’γ
416 2176 489 2256 Ego
515 2170 592 2235 Odo
616 2173 773 2234 diaconus
797 2171 970 2233 cardinalis
993 2182 1105 2234 sancte
1127 2173 1278 2234 Romane
1302 2172 1437 2234 ecclesie
1460 2193 1500 2234 ss.

317 2266 395 2326 Dat
419 2263 581 2337 Laterani,
605 2281 665 2343 per
687 2280 820 2323 manum
844 2261 992 2335 Bosonis,
1016 2262 1184 2342 scriptoris
1206 2272 1318 2324 sancte
1341 2263 1491 2323 Romane
1516 2259 1660 2324 ecclesie.
1698 2259 1830 2323 xl11Kl.

152 2357 220 2418 lan.
276 2354 462 2416 lndictione
492 2366 550 2415 xv.
603 2349 838 2413 lucamationis
878 2348 1043 2412 dominice
1082 2371 1168 2412 anno
1193 2361 1300 2413 MCLH.
1355 2350 1568 2413 Pontificatus
1599 2369 1678 2412 vero
1718 2351 1831 2412 domni

152 2445 312 2506 EUGENH
337 2463 425 2525 pape
447 2458 484 2503 111
508 2461 595 2503 anno
618 2451 747 2502 octavo.
770 2472 815 2483 —

323 2556 367 2605 Or.
385 2558 428 2616 (R.
447 2557 505 2620 Acq.
525 2553 657 2603 Straniane
678 2551 811 2617 Uguccrimi
827 2553 893 2602 1152
913 2551 970 2601 Dic.
990 2551 1042 2615 20),
1062 2551 1095 2599 im
1113 2551 1226 2600 Archivia
1244 2551 1271 2599 di
1287 2552 1353 2600 State
1371 2568 1400 2600 ru
1419 2551 1525 2601 Florene.

322 2628 391 2692 Perg.
411 2627 471 2686 aaa,
488 2627 524 2676 br.
542 2627 627 2687 O,597,
646 2626 706 2689 lang
723 2624 791 2683 O,63,
811 2631 884 2672 neuen
901 2624 981 2682 0‚038
1005 2623 1192 2687 eingeschlagen,
1220 2623 1297 2671 durch
1315 2624 1332 2673 3
1349 2624 1442 2672 Lirim
1465 2625 1491 2672 in
1509 2624 1613 2688 gerader
1629 2623 1699 2673 Linie
1713 2624 1770 2689 geht
1794 2626 1831 2674 die

155 2701 314 2767 brarrngelbe,
342 2699 494 2764 diinnfddige
512 2695 694 2754 Seidensclmer,
719 2696 790 2744 deren
808 2695 886 2759 Siegel
899 2697 1015 2744 versarere.
1051 2694 1159 2760 Faltnng
1176 2695 1219 2743 der
1237 2696 1332 2744 Bellen.
1369 2695 1478 2744 Initiale:
1491 2695 1580 2758 statie,
1602 2697 1711 2744 veraierte
1732 2696 1830 2745 Uncial-

147 2775 231 2839 form,
251 2773 284 2820 im
304 2771 400 2834 Κάφιν
417 2786 467 2818 nur
484 2770 562 2828 0,024
580 2766 646 2825 noct,
665 2768 708 2815 der
724 2767 768 2815 der
788 2766 950 2829 Gilterschris!
965 2783 1016 2814 nnr
1033 2767 1120 2824 0,014,
1140 2767 1165 2813 in
1183 2766 1227 2814 den
1247 2767 1340 2815 li'artcn
1358 2783 1404 2831 eng
1420 2767 1679 2832 ansamnnngedrdngi,
1699 2768 1735 2816 die
1754 2768 1831 2817 Wartc

154 2847 230 2894 selber
244 2850 293 2909 gul
307 2849 426 2908 getrennt,
444 2842 488 2890 das
506 2842 533 2889 M
550 2856 597 2888 van
616 2838 700 2886 Maria
716 2846 789 2886 etwas
805 2838 997 2903 hervargehoben.
1039 2837 1195 2902 Vereaergnng
1211 2837 1258 2886 Nr.
1277 2839 1293 2884 2
1308 2839 1388 2896 pff,
1406 2840 1432 2887 in
1449 2839 1494 2887 den
1513 2838 1664 2887 Buchstaben
1681 2839 1830 2905 dappellinrg,

154 2918 215 2965 oder
231 2916 339 2973 veniere,
349 2915 420 2978 seille
436 2915 478 2971 0,1
484 2915 522 2961 15.
560 2910 776 2973 Konscriptsdenfl
792 2910 889 2973 sitiente,
915 2910 952 2958 die
968 2910 1086 2959 einzelnen
1112 2909 1187 2957 Warte
1205 2910 1259 2957 wee't
1275 2910 1441 2959 auseinander.
1480 2910 1620 2974 Masinkeln
1643 2911 1705 2959 nach
1729 2911 1831 2960 starkem

157 2989 256 3038 hasen
280 3003 332 3036 nur
352 2985 431 3049 werrig
452 2983 649 3048 hervargeleaben,
678 2981 759 3045 gmit
781 2980 975 3045 Schleffensattel.
1013 2981 1157 3029 Zeilenwer'te
1181 2996 1201 3031 c.
1221 2983 1309 3040 o,017,
1337 2982 1519 3030 Zeilensclrliisse
1542 2982 1657 3032 wechseln
1680 2999 1728 3031 van
1751 2984 1830 3043 0,057

154 3063 191 3110 bis
208 3061 299 3119 0,069.
336 3057 384 3106 Die
402 3059 465 3105 letare
483 3056 545 3104 Zeile
562 3054 647 3102 wnrde
663 3053 929 3117 ansannnengedra‘ngt,
952 3070 994 3101 nm
1017 3053 1054 3101 die
1071 3051 1124 3100 drei
1140 3054 1216 3100 Areten
1234 3051 1294 3100 nach
1312 3052 1490 3118 hinnibn'ngen,
1514 3054 1574 3103 diere
1590 3054 1638 3102 Nr.
1658 3057 1681 3112 7,
1700 3054 1752 3102 kein
1770 3071 1831 3107 x-m.

154 3135 219 3181 Rota
238 3131 286 3179 Nr.
310 3133 332 3189 1,
351 3129 384 3176 irn
403 3127 578 3176 Dnrclennsser
595 3124 681 3184 0,053,
699 3125 798 3172 beriilrrt
806 3126 864 3187 fast
880 3124 917 3172 die
933 3125 1005 3172 herae
1025 3124 1170 3188 Unierla'nge
1189 3123 1231 3170 der
1247 3125 1329 3172 lernen
1347 3124 1417 3183 Zeile,
1435 3141 1482 3172 van
1499 3126 1542 3173 der
1558 3126 1638 3172 linken
1656 3125 1831 3186 Kante0,147,

155 3221 211 3252 vain
225 3201 400 3267 nilonagramm
419 3200 488 3258 0,24.
525 3197 695 3260 Manogranrm
713 3196 760 3244 Nr.
774 3199 812 3254 2⁰,
831 3196 1003 3261 starkstriclng,
1022 3193 1080 3242 harh
1099 3197 1186 3253 0,046,
1206 3195 1265 3242 dreit
1281 3197 1367 3254 0,029,
1385 3211 1433 3244 van
1451 3196 1494 3244 der
1510 3198 1589 3245 lrtntcn
1602 3196 1663 3244 Zeile
1679 3199 1766 3255 0‚009,
1785 3213 1832 3245 van

155 3278 201 3324 dtr
223 3274 318 3322 rechten
342 3272 424 3321 Kaine
443 3271 526 3328 0,137.
564 3268 699 3332 Ringkrnn
724 3268 780 3315 und
804 3267 968 3330 L'ntersrlmfl
990 3267 1067 3331 reigen
1090 3267 1156 3314 wahl
1173 3267 1262 3331 gleiche
1283 3267 1367 3326 Hand,
1400 3267 1536 3331 Urnschrift
1557 3267 1657 3316 kleirnre
1674 3267 1831 3319 Butlestaben.

155 3347 289 3411 Datimng
305 3360 361 3393 vam
378 3340 668 3406 Hauptkirpcrsclereiber‚
688 3340 725 3387 Bo
743 3354 773 3387 so
790 3339 828 3387 nis
845 3338 917 3388 darier
934 3338 1117 3403 rrachgetragen.
1155 3338 1334 3404 Zeugcrpirmen
1351 3338 1463 3387 (heilweis
1480 3339 1574 3388 dieselbe
1591 3338 1676 3388 Hand.

911 3619 977 3695 Nr.
1003 3624 1087 3694 112.

559 3752 724 3840 [nsclere'st
744 3754 814 3834 anf
829 3753 919 3815 einer
941 3751 1176 3832 Marmortasel
1195 3748 1229 3815 in
1258 3752 1443 3816 Terracina.

875 3883 1130 3970 (nea-1153).

321 4030 488 4112 Eugenius
510 4047 598 4109 papa
621 4042 658 4086 111
680 4024 745 4086 hoc
768 4042 860 4104 opus,
892 4020 995 4101 glorie
1018 4020 1118 4102 ipsius
1150 4021 1339 4083 memoriam
1371 4033 1605 4103 representans,
1637 4024 1704 4088 fieri
1735 4026 1835 4103 iussit,

160 4123 217 4204 qui
237 4121 319 4182 mira
335 4119 435 4182 animi
461 4163 592 4180 .....
613 4118 638 4195 a)
663 4125 696 4175 et
715 4110 844 4173 honesti
860 4110 968 4172 studio
985 4109 1139 4190 preditus,
1157 4111 1277 4191 regalia
1293 4109 1402 4185 multa,
1427 4111 1527 4192 lungo
1543 4123 1692 4195 tempore
1708 4117 1835 4192 amissa,

159 4213 263 4276 beato
286 4210 385 4272 Petro
408 4206 554 4278 restituit,
579 4201 795 4286 quorumdam
818 4199 933 4261 vitium
956 4199 988 4260 in
1012 4199 1146 4260 modum
1170 4200 1351 4261 honestatis
1375 4200 1509 4281 redegit,
1543 4222 1583 4264 ne
1611 4205 1690 4284 quid
1714 4203 1836 4268 iudices

161 4322 181 4363 a
209 4318 382 4382 quoquam
413 4305 562 4379 peterent
593 4314 690 4367 neve,
724 4289 803 4371 quid
835 4308 854 4350 a
885 4307 1052 4369 quoquam
1084 4297 1158 4349 ante
1189 4288 1332 4350 decisam
1365 4309 1496 4352 causam
1528 4292 1728 4373 acciperent,
1760 4306 1837 4376 post

162 4390 311 4454 decisam
334 4387 482 4450 oblatum
501 4383 537 4466 b),
561 4383 640 4465 quid
663 4378 844 4443 verecunde
868 4388 900 4439 et
924 4397 997 4438 cum
1021 4377 1196 4457 gratiarum
1220 4379 1349 4441 actione
1372 4379 1581 4460 susciperent.

324 4499 449 4565 Abschrist
464 4499 504 4547 des
522 4496 654 4562 Scheieffina
666 4495 698 4543 ΙΙ
707 4501 734 4557 p.
744 4495 803 4551 291,
821 4491 848 4539 in
865 4491 909 4538 der
926 4490 989 4539 Bibl.
1012 4489 1110 4548 Civica,·
1129 4490 1190 4553 Hp.
1205 4491 1263 4549 403,
1282 4493 1308 4539 in
1326 4493 1370 4541 der
1386 4494 1448 4542 Bibl.
1467 4494 1522 4542 dele
1544 4494 1680 4545 Universr'tei
1697 4513 1727 4545 au
1743 4499 1836 4548 Genua.

326 4571 396 4634 „Nel
409 4572 504 4620 castello
526 4568 552 4617 di
577 4565 709 4617 Terracina
727 4565 753 4612 in
776 4579 827 4612 nna
850 4564 931 4611 tavola
949 4562 976 4610 di
992 4577 1085 4610 marma
1102 4561 1124 4610 π’
1140 4563 1204 4627 legge
1230 4579 1281 4611 rena
1299 4564 1443 4614 nobilissima
1461 4568 1574 4616 necneoria
1592 4568 1620 4616 di
1634 4576 1714 4633 questa
1726 4571 1839 4635 pontefice

162 4650 204 4697 del
222 4655 303 4696 trnore
319 4648 452 4710 seguente‘t

912 4860 979 4936 Nr.
1008 4865 1094 4937 113.

164 5013 281 5096 Engen
307 5006 373 5072 III
391 5004 540 5087 bestdte'gt
565 5000 626 5066 den
654 4993 1046 5092 Camaldnlenser-Orden
1075 4994 1109 5058 in
1132 4994 1241 5059 Besitn
1274 4997 1344 5062 uad
1363 4998 1516 5080 Rechten,
1547 5002 1617 5067 read
1642 5005 1759 5070 nimmt
1783 5007 1840 5071 ilen

784 5087 818 5149 in
840 5083 1069 5169 apostalrscleen
1093 5082 1219 5148 Selenia.

705 5204 789 5266 1153
805 5199 882 5264 Mai
893 5203 944 5264 17.
975 5199 1010 5263 S.
1027 5201 1122 5263 Peter
1136 5221 1196 5263 von
1213 5200 1304 5264 Rom.

381 5325 548 5410 Eugenius
571 5323 754 5405 episcopus,
778 5338 887 5380 servus
910 5337 1076 5380 servorum
1100 5316 1162 5392 dei,
1188 5318 1307 5381 dilecto
1331 5318 1398 5382 filio
1421 5322 1576 5401 Rodull0,
1601 5326 1841 5394 camaldulensi

165 5423 276 5508 priori,
311 5419 447 5499 eiusque
479 5413 638 5486 fratribus
670 5421 737 5473 tam
769 5407 974 5489 presentibus
1005 5428 1104 5489 quam
1136 5407 1257 5482 suturis
1289 5410 1470 5491 regularem
1496 5415 1598 5477 vitam
1622 5420 1783 5499 professis
1808 5421 1840 5482 in

165 5522 375 5598 perpetuum.
420 5502 595 5586 Religiosis
611 5499 779 5563 desideriis
795 5497 931 5578 dignum
947 5506 996 5559 est
1012 5497 1139 5560 lacilem
1155 5496 1294 5578 prebere
1310 5519 1512 5579 consensum,
1536 5514 1572 5567 ut
1587 5505 1692 5571 fidelis
1708 5509 1840 5574 devotio

168 5632 181 5638 -
362 5621 448 5629 ,.,-.,..
460 5620 504 5626 .---
512 5618 575 5625 ,-....

337 5670 364 5733 a)
382 5670 442 5713 etna
460 5617 630 5726 magnitudine
702 5658 729 5726 b)
749 5656 866 5707 oblatam.
