3982 6194
1780 248 1817 313 81

152 439 332 502 clementer
354 435 536 511 annuimus,
560 444 593 497 et
614 432 777 515 prefatam
801 431 944 508 domum,
976 432 1009 496 in
1034 453 1098 514 qua
1122 433 1232 496 divino
1256 433 1433 515 mancipati
1456 438 1533 499 estis
1557 437 1726 518 obsequio,
1759 437 1820 500 sub

152 530 241 591 beati
264 528 352 590 Petri
376 535 409 588 et
432 536 544 588 nostra
566 524 771 606 protectione
794 522 987 603 suscipimus
1010 532 1043 585 et
1065 524 1224 603 presentis
1247 525 1358 604 scripti
1379 526 1549 606 privilegio
1573 527 1820 589 communimus.

152 618 353 692 Statuentes,
378 624 413 677 ut
436 633 658 695 quascumque
680 612 912 694 possessiones,
938 631 1141 692 quecumque
1161 611 1250 674 bona
1266 613 1382 674 eadem
1400 615 1515 677 domus
1532 616 1564 677 in
1580 616 1821 696 presenciarum

153 709 236 770 iuste
259 717 294 768 et
325 705 483 768 canonice
514 702 670 785 possidet,
700 712 756 764 aut
787 701 820 762 in
852 699 992 762 futurum
1028 700 1237 763 concessione
1267 701 1468 782 pontificum,
1502 704 1678 786 largicione
1708 724 1820 786 regum

151 797 204 859 vel
227 795 428 876 principum,
453 792 621 855 oblatione
644 790 788 853 fidelium
811 809 867 852 seu
891 789 961 851 aliis
994 790 1083 852 iustis
1115 789 1222 852 modis
1254 792 1316 853 deo
1347 793 1492 873 propitio
1523 795 1645 875 poterit
1675 794 1820 875 adipisci,

154 886 249 947 firma
271 884 367 946 vobis
389 883 569 963 vestrisque
599 879 839 944 successoribus
862 888 895 940 et
919 878 1044 941 illibata
1066 889 1287 960 permaneant.
1333 879 1420 943 Sane
1451 881 1601 945 laborum
1632 894 1821 959 vestrorum,

153 995 238 1054 quos
263 973 404 1055 propriis
428 973 578 1033 manibus
601 979 657 1033 aut
680 970 864 1050 sumptibus
888 968 1003 1043 colitis
1034 969 1102 1030 sive
1125 969 1166 1030 de
1194 970 1397 1032 nutrimentis
1420 981 1601 1035 vestrorum
1634 973 1822 1035 animalium

155 1065 261 1126 nullus
284 1062 421 1125 omnino
445 1081 465 1122 a
486 1060 582 1122 vobis
606 1059 751 1122 decimas
773 1058 904 1139 exigere
927 1067 1101 1138 presumat.
1147 1059 1361 1121 Decernimus
1391 1081 1479 1142 ergo,
1511 1072 1546 1124 ut
1576 1062 1654 1125 nulli
1686 1063 1821 1124 omnino

154 1155 327 1216 hominum
351 1151 454 1224 liceat,
486 1149 647 1231 prefatam
672 1148 807 1210 domum
830 1157 952 1208 temere
982 1147 1171 1228 perturbare
1203 1158 1257 1209 aut
1280 1149 1348 1210 eius
1378 1152 1600 1230 possessiones
1625 1152 1749 1214 auferre
1771 1151 1822 1213 vel

156 1244 283 1305 ablatas
316 1240 466 1314 retinere,
498 1240 641 1300 minuere
671 1247 727 1299 aut
751 1235 913 1317 aliquibus
939 1236 1174 1298 vexacionibus
1205 1237 1354 1318 fatigare,
1385 1239 1443 1300 sed
1473 1242 1561 1302 omia
1591 1242 1717 1322 integra
1747 1260 1821 1303 con-

155 1341 333 1405 serventur,
357 1328 470 1390 vestris
493 1338 526 1389 et
550 1328 694 1401 aliorum,
718 1346 778 1407 pro
803 1345 941 1405 quorum
963 1324 1205 1406 gubernacione
1228 1336 1260 1388 et
1282 1327 1547 1391 substentacione
1568 1350 1723 1392 concessa
1738 1340 1821 1403 sunt,

156 1421 267 1484 usibus
290 1416 491 1481 omnimodis
514 1416 690 1498 profutura,
714 1415 804 1477 salva
826 1415 913 1476 sedis
936 1415 1117 1495 apostolice
1141 1415 1341 1478 auctoritate.
1379 1416 1413 1479 Si
1431 1438 1496 1499 qua
1512 1419 1609 1499 igitur
1628 1420 1660 1480 in
1682 1418 1822 1480 futurum

156 1509 378 1572 ecclesiastica
399 1506 592 1568 secularisve
615 1524 764 1587 persona,
789 1503 873 1565 hanc
897 1513 1006 1565 nostre
1030 1504 1274 1567 constitucionis
1297 1506 1452 1586 paginam
1475 1508 1588 1582 sciens,
1613 1518 1727 1571 contra
1749 1527 1822 1569 eam

156 1611 279 1662 temere
309 1596 421 1658 venire
453 1595 668 1676 temptaverit,
700 1593 844 1656 secundo
874 1593 1012 1654 tertiove
1035 1594 1244 1667 commonita,
1274 1595 1300 1656 si
1331 1615 1397 1657 non
1427 1596 1649 1659 satisfactione
1680 1616 1823 1677 congrua

157 1686 390 1760 emendaverit,
414 1684 587 1765 potestatis
606 1684 806 1763 honorisque
821 1682 870 1743 sui
888 1682 1046 1762 dignitate
1069 1692 1178 1744 careat
1201 1703 1354 1763 reamque
1369 1705 1404 1746 se
1421 1685 1531 1747 divino
1547 1687 1668 1749 iudicio
1685 1687 1823 1749 existere

157 1781 199 1840 de
221 1784 413 1859 perpetrata
437 1773 607 1853 iniquitate
630 1781 817 1854 cognoscat,
842 1780 875 1833 et
897 1790 917 1832 a
940 1771 1158 1834 sacratissimo
1182 1792 1319 1854 corpore
1343 1794 1381 1835 ac
1396 1776 1554 1855 sanguine
1571 1776 1623 1837 dei
1640 1786 1672 1839 et
1688 1775 1821 1849 domini,

157 1865 377 1947 redemptoris
400 1863 500 1925 nostri
524 1862 594 1924 lesu
618 1861 745 1936 Christi,
777 1861 882 1922 aliena
905 1860 970 1935 fiat,
1003 1871 1101 1941 atque
1125 1862 1157 1922 in
1181 1872 1327 1924 extremo
1359 1864 1509 1926 examine
1541 1864 1685 1928 districte
1708 1864 1822 1927 ultioni

156 1957 334 2018 subiaceat.
385 1951 518 2015 Cunctis
548 1961 666 2026 autem,
698 1950 805 2012 eidem
837 1951 911 2011 loco
944 1950 1027 2011 iusta
1055 1950 1266 2026 servantibus
1297 1952 1339 2014 sit
1370 1973 1437 2033 pax
1469 1954 1594 2016 domini
1628 1955 1728 2017 nostri
1751 1954 1822 2016 Iesu

157 2045 283 2119 Christi,
318 2053 479 2123 quatenus
509 2050 542 2102 et
564 2041 617 2102 hic
641 2039 778 2102 fructum
800 2040 890 2100 bone
912 2039 1050 2100 actionis
1073 2040 1255 2121 percipiant
1288 2051 1320 2103 et
1352 2043 1440 2123 apud
1471 2043 1652 2106 districtum
1683 2042 1822 2105 iudicem

156 2135 281 2216 premia
306 2143 419 2195 eterne
442 2130 533 2211 pacis
556 2130 730 2191 inveniant.
775 2127 894 2190 Amen.
917 2126 1036 2189 Amen.
1060 2128 1178 2191 Amen.

372 2219 427 2300 (R)
450 2219 523 2300 Ego
548 2216 712 2300 Eugenius
736 2217 896 2279 catholice
920 2217 1055 2279 ecclesie
1078 2219 1253 2298 episcopus
1275 2238 1316 2280 ss.
1342 2219 1404 2297 (M)

372 2310 392 2391 †
415 2308 489 2389 Ego
512 2307 753 2370 Theodewinus
776 2316 888 2369 sancte
910 2306 1041 2368 Ruifme
1064 2308 1238 2388 episcopus
1262 2328 1303 2369 33.

371 2399 391 2480 †
414 2398 488 2478 Ego
511 2397 684 2459 Albericus
708 2396 869 2460 Ostiensis
892 2396 1067 2476 episcopus
1090 2417 1131 2458 33.

371 2521 416 2532 -
437 2488 457 2569 †
480 2485 553 2567 Ego
577 2486 686 2550 Guido
710 2486 869 2567 presbiter
892 2484 1063 2546 cardinalis
1087 2487 1133 2547 tit.
1157 2486 1260 2547 sancti
1284 2485 1458 2565 Grisogoni
1482 2506 1523 2548 ss

372 2577 392 2658 †
415 2576 489 2656 Ego
512 2574 719 2637 Humbaldus
742 2573 903 2655 presbiter
926 2573 1098 2635 cardinalis
1122 2576 1169 2636 tit.
1193 2586 1379 2636 sanctorum
1402 2574 1554 2636 Iohannis
1577 2583 1611 2636 et
1632 2573 1722 2635 Pauli
1738 2593 1778 2635 33.

371 2666 392 2745 †
415 2666 488 2745 Ego
512 2664 620 2728 Guido
644 2664 804 2745 presbiter
827 2662 998 2724 cardinalis
1021 2663 1067 2725 tit.
1091 2674 1278 2726 sanctorum
1301 2664 1470 2726 Laurencii
1494 2675 1527 2726 et
1549 2664 1684 2725 Damasi
1708 2683 1749 2724 ss.

372 2755 393 2834 †
416 2754 489 2835 Ego
512 2752 695 2815 Bernardus
718 2752 879 2834 presbiter
901 2751 1072 2813 cardinalis
1096 2753 1143 2814 tit.
1166 2763 1278 2814 sancte
1301 2752 1477 2815 Clementis
1499 2774 1540 2815 33.

373 2844 393 2925 †
416 2843 488 2924 Ego
512 2843 669 2905 lordanus
692 2841 853 2924 presbiter
875 2841 1046 2903 cardinalis
1070 2842 1117 2903 tit.
1141 2852 1252 2904 sancte
1275 2838 1424 2903 Susanne
1446 2862 1487 2904 33.

374 2967 417 2975 -
439 2933 459 3015 †
483 2932 555 3013 Ego
580 2930 681 2995 Oddo
705 2932 861 2993 diaconus
884 2929 1056 2992 cardinalis
1079 2931 1182 2993 sancti
1206 2931 1338 3011 Georgii
1363 2929 1405 2992 ad
1427 2929 1546 2993 Velum
1569 2950 1702 2992 aureum
1725 2951 1765 2993 ss.

372 3021 392 3103 †
416 3020 488 3102 Ego
513 3021 713 3084 Octavianus
737 3020 893 3082 diaconus
916 3019 1088 3081 cardinalis
1110 3021 1214 3082 sancti
1239 3020 1366 3082 Nicolai
1400 3020 1433 3081 in
1457 3040 1584 3082 carcere
1607 3020 1759 3082 Tulliano
1782 3041 1823 3083 ss.

373 3110 393 3191 †
417 3109 489 3190 Ego
513 3109 689 3191 Gregorius
713 3110 869 3172 diaconus
893 3108 1065 3170 cardinalis
1087 3110 1191 3171 sancti
1214 3108 1333 3191 Angeli
1358 3129 1398 3170 ss.

373 3199 394 3278 †
417 3198 490 3279 Ego
513 3198 623 3262 Guido
647 3199 804 3261 diaconus
828 3197 999 3260 cardinalis
1022 3207 1134 3260 sancte
1158 3199 1260 3260 Marie
1284 3199 1317 3260 in
1340 3198 1469 3260 Porticu
1493 3218 1533 3260 ss.

319 3287 397 3349 Dat
420 3287 556 3362 Viterbi,
588 3307 648 3368 per
678 3308 810 3350 manum
833 3285 979 3361 Baronis,
1011 3298 1123 3350 sancte
1152 3288 1302 3349 Romane
1333 3288 1469 3350 ecclesie
1500 3286 1701 3350 subdiaconi.
1748 3287 1824 3349 Idus

158 3376 340 3439 Novembr.
379 3376 560 3439 Indictione
576 3391 608 3439 x.
646 3376 881 3440 Incarnationis
905 3375 1067 3438 dominice
1091 3397 1176 3439 anno
1193 3388 1336 3439 Mchvl.
1374 3376 1585 3439 Pontificatus
1608 3397 1685 3438 vero
1710 3376 1822 3438 domni

159 3466 298 3548 Eugenii
323 3481 361 3525 111
385 3486 440 3546 pp.
465 3486 552 3528 anno
576 3483 608 3527 11.

319 3579 444 3645 Absckrr'ft
459 3595 513 3629 vem
532 3580 566 3629 13
582 3579 620 3630 od.
639 3581 672 3628 14
693 3579 784 3644 Jahrb.
804 3579 844 3628 des
862 3577 998 3644 Registmm
1017 3576 1137 3644 Magnum
1152 3585 1179 3642 p.
1200 3580 1257 3638 558,
1277 3578 1309 3628 im
1327 3578 1441 3628 Archivio
1458 3577 1606 3643 Municepale
1623 3595 1653 3627 ru
1673 3578 1794 3627 Rbcmza.

916 3863 982 3937 Nr.
1014 3864 1075 3935 80.

158 3993 272 4079 Eugen
289 3994 356 4060 III
374 3995 568 4060 beurkrendet
588 3996 661 4060 dem
687 3993 817 4058 Kloster
842 3993 961 4058 Cerede
978 3997 1004 4072 ¹)
1030 3992 1088 4074 (D.
1114 3992 1222 4077 Lodi),
1245 3992 1323 4055 dass
1346 4014 1383 4055 er
1404 3993 1645 4076 Stree'tigkeiten
1667 3994 1826 4058 zwiscleen

158 4086 282 4149 diesem
305 4085 376 4149 und
394 4087 467 4150 dem
484 4085 637 4166 Biscleofe
659 4083 833 4165 Lanfrank
854 4104 915 4146 von
940 4079 1025 4146 Ledz'
1042 4102 1151 4163 wegen
1179 4082 1235 4144 des
1256 4081 1345 4162 Hofs
1367 4104 1427 4146 von
1443 4083 1604 4147 Peeezano
1625 4105 1666 4148 zu
1685 4083 1825 4147 Gunsten

758 4173 815 4236 des
839 4172 984 4236 Klosters
1006 4171 1183 4234 entscleee'de
1200 4173 1235 4251 3).

728 4309 812 4369 1146
831 4305 1015 4370 November
1027 4309 1081 4368 28.
1129 4302 1261 4367 Viterbo.

321 4441 487 4524 Eugenius
510 4442 692 4525 episcopus
723 4462 833 4504 servus
856 4461 1022 4503 servorum
1045 4440 1107 4515 dei,
1138 4440 1264 4501 dilectis
1288 4439 1360 4501 filiis
1406 4440 1460 4503 .M.
1481 4439 1593 4502 abbati
1618 4450 1651 4501 et
1675 4438 1826 4503 fratribus

162 4530 203 4593 de
227 4530 363 4594 Cerreto
394 4534 532 4595 salutem
563 4542 596 4594 et
628 4531 843 4611 apostolicam
874 4529 1147 4592 benedictionem.
1197 4526 1303 4609 Super
1332 4529 1453 4590 iniuriis
1485 4539 1518 4590 et
1549 4529 1826 4609 oppressionibus,

162 4640 227 4700 que
259 4641 280 4682 a
311 4621 408 4683 fratre
439 4632 551 4684 nostro
580 4619 809 4698 Lfanfranco),
842 4619 1004 4680 Laudensi
1036 4619 1194 4699 episcopo
1212 4617 1251 4699 ³),
1283 4628 1315 4680 et
1339 4618 1553 4699 complicibus
1582 4618 1646 4679 suis
1678 4619 1742 4679 iam
1772 4620 1827 4680 diu

161 4709 257 4771 vobis
282 4710 370 4772 illate
393 4721 476 4786 sunt,
508 4720 646 4792 paterno
670 4707 786 4771 affectu
810 4706 955 4769 dolemus
985 4717 1017 4769 et
1040 4708 1082 4769 ad
1106 4727 1222 4788 pacem
1246 4717 1278 4769 et
1308 4707 1573 4788 tranquillitatem
1596 4717 1737 4769 vestram
1766 4728 1826 4789 pro

161 4799 264 4860 nostri
289 4797 389 4861 officii
413 4799 526 4862 debito
549 4799 689 4861 libenter
711 4797 917 4859 intendimus,
956 4795 1165 4858 Manifestum
1181 4797 1343 4878 siquidem
1360 4807 1417 4871 est,
1442 4797 1532 4878 quod
1549 4797 1636 4858 idem
1652 4798 1827 4878 episcopus

162 4897 196 4949 et
227 4888 276 4949 sui
307 4907 406 4970 super
434 4887 705 4970 possessionibus,
736 4886 778 4948 ad
810 4887 932 4947 curiam
962 4885 1003 4947 de
1034 4885 1174 4947 Plazano
1190 4885 1217 4964 ⁴)
1250 4886 1496 4966 pertinentibus,
1528 4906 1608 4966 quas
1639 4886 1766 4967 Ogerus
1796 4897 1828 4949 et

162 4976 334 5052 Dondeus,
359 4997 433 5040 cum
455 4978 619 5059 religionis
641 4975 789 5038 habitum
813 4975 845 5037 in
868 4985 976 5036 vestro
1000 4985 1210 5055 susceperunt
1234 4975 1440 5049 monasterio,
1472 4974 1567 5037 vobis
1591 4986 1827 5051 concesserunt,

163 5076 197 5127 et
227 5086 309 5146 quas
342 5067 441 5128 etiam
472 5067 601 5142 fratres,
633 5065 688 5145 qui
720 5074 795 5126 ante
824 5083 884 5126 vos
914 5064 946 5125 in
980 5063 1097 5124 eodem
1127 5063 1202 5125 loco
1234 5063 1375 5138 fuerunt,
1408 5065 1630 5145 acquisierant,
1662 5084 1722 5126 nos
1752 5075 1828 5127 ante

162 5155 385 5237 R(obaldum),
416 5155 505 5218 bone
528 5154 684 5217 memorie
708 5153 987 5215 Mediolanensem
1010 5151 1292 5234 archiepiscopum
1309 5151 1347 5235 ⁵),
1381 5154 1413 5214 in
1439 5173 1570 5215 eausam
1595 5153 1755 5216 duxerunt
1787 5164 1827 5230 et,

162 5262 238 5307 cum
260 5245 404 5326 primum
427 5245 539 5308 omnia
561 5244 593 5306 in
618 5243 788 5324 questione
811 5242 1004 5323 posuissent,
1033 5241 1166 5303 tandem
1191 5242 1232 5303 ad
1256 5254 1305 5304 vn
1329 5262 1464 5324 campos
1487 5252 1520 5304 et
1542 5255 1592 5304 vll
1614 5241 1774 5305 sedimina
1797 5253 1830 5305 et

327 5440 352 5500 1)
373 5436 437 5486 Oder
457 5437 552 5487 ceretto.
624 5437 669 5499 .2]
693 5436 769 5501 Vergl.
787 5435 824 5484 die
845 5431 904 5484 Ure.
923 5450 976 5483 vem
995 5435 1012 5482 8
1029 5431 1103 5496 Apn'l
1119 5435 1185 5481 1146
1202 5433 1227 5481 in
1245 5433 1314 5482 Laus
1333 5435 1453 5500 Pompeja,
1482 5433 1563 5482 Codice
1581 5433 1650 5496 Dipl.
1673 5433 1836 5485 Laudem!

155 5518 185 5575 p.
204 5511 262 5562 148.
356 5518 383 5574 3)
402 5507 553 5573 Lanfrence,
572 5507 676 5572 Bischef
687 5523 734 5556 ven
751 5507 820 5566 lodi,
840 5506 1013 5555 1143-1158.
1104 5507 1130 5569 4)
1155 5504 1288 5553 Vieller'cht:
1314 5506 1446 5568 Piamane,
1477 5504 1541 5553 Cem.
1560 5505 1588 5553 di
1608 5493 1687 5554 Caseel
1702 5507 1727 5555 S.
1753 5508 1832 5557 Il'etre

161 5581 346 5645 Monteferrate,
366 5587 437 5644 prov.
461 5577 649 5629 delessandne.
723 5581 749 5643 5)
768 5578 887 5639 ll'obalde,
913 5577 1059 5641 Enbisclres
1074 5591 1121 5625 von
1140 5575 1268 5636 Mailand,
1299 5580 1470 5630 1135-1145
1495 5577 1624 5626 December
1640 5577 1683 5626 30.
1720 5580 1830 5630 Hieraus

160 5654 248 5720 ergr'ebt
262 5650 314 5702 sich
332 5651 370 5701 die
392 5650 601 5716 Johremklfier
617 5651 655 5700 die
675 5649 799 5700 Urhmde.

215 5762 237 5789 r.
253 5748 546 5799 Priuer-nutem.
561 5747 619 5788 Acts
632 5747 675 5787 111.
1592 5743 1620 5781 11

1893 5742 1960 5828 A
