3974 6188
170 223 231 288 114

164 395 309 461 eiusdem
332 397 438 472 curtis,
462 396 633 460 ecclesiam
656 396 757 460 sancti
782 396 913 460 Martini
938 419 1012 462 cum
1035 397 1187 462 omnibus
1209 397 1412 479 pertinentiis
1434 397 1509 472 suis,
1533 396 1706 460 ecclesiam
1729 396 1835 459 sancti

162 487 337 563 Laurentii,
363 487 534 549 ecclesiam
557 486 659 549 sancti
683 486 861 549 Salvatoris
884 497 917 549 et
944 489 1115 551 ecclesiam
1144 488 1247 551 sancti
1271 485 1440 549 Ambrosii
1463 486 1496 548 in
1520 484 1667 567 predicte
1692 487 1834 549 civitatis

162 574 319 638 suburbio
342 576 429 650 sitas,
455 576 625 639 ecclesiam
656 576 760 638 sancti
783 575 940 656 Sepulcri,
971 578 1123 640 ecclesias
1146 577 1249 639 sancti
1273 575 1405 657 Georgii
1430 584 1463 637 et
1485 576 1588 637 sancti
1612 572 1766 638 Nicholai
1790 575 1835 637 de

161 664 354 740 Fornicada,
388 665 559 727 ecclesiam
588 666 692 727 sancti
716 665 848 745 Georgii
880 665 922 727 de
945 666 1043 730 Curte
1065 664 1200 747 Angulfi
1224 686 1298 728 cum
1322 674 1438 746 quarta
1459 674 1552 746 parte
1576 664 1776 726 decimarum
1801 670 1835 727 et

163 753 316 816 omnibus
339 754 381 816 ad
405 774 476 816 eam
501 752 748 835 pertinentibus,
773 754 943 816 ecclesiam
968 755 1009 818 de
1029 755 1136 819 Suave
1160 776 1233 818 cum
1255 762 1327 817 tota
1349 754 1450 834 ipsius
1473 753 1537 815 loci
1561 764 1650 816 curte
1673 764 1707 816 et
1728 755 1834 817 tribus

162 843 310 922 partibus
341 843 553 918 decimarum,
585 844 756 905 ecclesiam
787 845 889 906 sancti
912 845 998 907 Petri
1029 845 1071 907 de
1093 846 1216 926 Liorgo
1249 864 1323 906 curn
1355 843 1490 905 decimis
1512 852 1546 904 et
1569 843 1834 924 possessionibus

160 931 235 1006 suis,
258 932 430 994 ecclesiam
444 933 548 994 sancti
564 930 742 994 Clementis
759 932 799 994 de
814 933 977 996 Persiceto
994 954 1068 996 cum
1084 935 1219 996 decimis
1235 943 1268 995 et
1283 930 1545 1013 possessionibus
1560 932 1634 1007 suis,
1658 932 1833 995 ecclesiam

160 1021 264 1082 sancti
287 1021 373 1083 Petri
404 1022 436 1082 in
460 1021 580 1084 Galera
603 1041 675 1083 cum
699 1022 853 1083 omnibus
875 1024 1080 1102 pertinentiis
1103 1024 1177 1098 suis,
1208 1022 1379 1084 ecclesiam
1407 1021 1511 1083 sancti
1534 1020 1669 1083 Andree
1694 1022 1735 1083 de
1760 1021 1832 1084 Sar-

159 1109 289 1171 zanisco
313 1129 388 1172 cum
410 1120 508 1185 curte,
540 1109 676 1172 decimis
707 1120 740 1172 et
767 1111 920 1174 omnibus
943 1113 1145 1194 pertinentiis
1169 1112 1242 1187 suis,
1271 1121 1395 1173 curtem
1427 1110 1469 1172 de
1491 1109 1699 1191 Formigada,
1732 1131 1833 1192 quam

160 1197 280 1261 nobilis
303 1200 461 1261 memorie
483 1199 650 1262 comitissa
672 1200 819 1262 Matildis
841 1201 937 1263 vobis
960 1202 1043 1264 iuste
1066 1202 1236 1276 concessit,
1268 1219 1341 1262 cum
1372 1198 1454 1261 silva
1477 1209 1510 1261 et
1533 1198 1603 1261 aliis
1626 1199 1833 1279 pertinentiis

160 1287 233 1361 suis,
266 1287 411 1350 decimas
440 1308 573 1369 quoque
604 1289 768 1351 novalium
799 1290 945 1352 eiusdem
973 1292 1079 1366 curtis,
1111 1311 1192 1371 quas
1215 1290 1390 1370 episcopus
1414 1288 1612 1350 Mantuanus
1634 1288 1732 1351 vobis
1756 1309 1831 1351 con·

159 1377 263 1451 cessit,
288 1384 320 1439 et
336 1377 415 1439 alias
432 1377 585 1452 decimas,
603 1397 683 1458 quas
697 1378 813 1440 Itolsus
827 1376 854 1460 ¹)
870 1390 903 1440 et
918 1379 1045 1441 Eliseus
1057 1379 1092 1461 ¹),
1117 1379 1287 1442 Mantuani
1308 1377 1466 1459 episcopi,
1482 1376 1578 1440 vobis
1593 1377 1833 1440 rationabiliter

159 1476 397 1528 concesserunt.
443 1467 657 1529 Decemimus
680 1486 768 1548 erg0,
792 1477 827 1530 ut
850 1468 927 1530 nulli
951 1470 1086 1531 omnino
1103 1469 1272 1531 hominurn
1288 1468 1393 1542 liceat,
1417 1466 1581 1548 prefatum
1596 1468 1832 1530 monasterium

158 1562 280 1616 temere
303 1555 501 1636 perturbare,
526 1566 582 1618 aut
597 1557 665 1618 eius
680 1557 904 1637 possessiones
919 1557 1044 1620 auserre
1059 1559 1110 1620 vel
1127 1558 1253 1620 ablatas
1269 1558 1416 1631 retinere,
1432 1555 1578 1617 minuere
1593 1576 1649 1618 seu
1666 1556 1831 1637 aliquibus

156 1644 387 1707 vexationibus
411 1644 555 1725 fatigare,
579 1652 628 1707 set
651 1647 762 1707 omnia
785 1647 912 1728 integra
934 1658 1165 1710 conserventur
1187 1666 1308 1721 eorum,
1333 1665 1393 1728 pro
1425 1664 1562 1725 quorum
1592 1644 1831 1725 gubernatione

158 1742 257 1813 atque
288 1734 526 1796 sustentatione
558 1754 715 1796 concessa
745 1744 833 1810 sunt,
865 1736 976 1799 usibus
1006 1737 1205 1798 omnimodis
1235 1734 1420 1816 profutura,
1458 1734 1549 1795 salva
1580 1734 1830 1797 diocesanorum

157 1823 389 1903 episcoporum
412 1823 571 1885 canonica
595 1824 724 1886 iustitia.
762 1823 797 1887 Si
820 1844 885 1905 qua
900 1826 997 1906 igitur
1012 1826 1045 1887 in
1069 1825 1211 1888 futurum
1234 1824 1454 1887 ecclesiastica
1468 1823 1663 1886 secularisve
1679 1843 1828 1905 persona,

156 1909 241 1973 hanc
265 1921 375 1974 nostre
390 1913 632 1974 constitutionis
648 1914 803 1994 paginam
819 1914 933 1987 sciens,
956 1927 1071 1976 contra
1087 1935 1160 1976 eam
1180 1925 1303 1976 temere
1316 1913 1427 1976 venire
1443 1913 1660 1993 temptaverit,
1683 1913 1828 1975 secundo

156 2001 293 2062 tertiove
323 2001 535 2075 commonita,
567 2002 593 2063 si
625 2022 690 2063 non
721 2002 944 2065 satisfactione
975 2024 1119 2084 congrua
1153 2003 1390 2077 emendaverit,
1426 2001 1600 2083 potestatis
1629 2000 1828 2083 honorisque

156 2089 204 2151 sui
228 2090 388 2170 dignitate
412 2100 521 2152 careat
544 2110 698 2172 reamque
718 2112 753 2154 se
770 2092 881 2154 divino
898 2091 1018 2155 iudicio
1035 2095 1174 2156 existere
1192 2093 1233 2154 de
1249 2100 1437 2173 perpetrata
1453 2091 1625 2171 iniquitate
1640 2102 1827 2171 cognoscat,

155 2187 189 2240 et
212 2198 231 2240 a
253 2179 471 2241 sacratissimo
495 2199 634 2261 corpore
665 2200 703 2242 ac
732 2182 891 2263 sanguine
922 2180 974 2243 dei
999 2191 1032 2244 et
1063 2183 1197 2257 domini,
1231 2180 1448 2262 redemptoris
1481 2180 1581 2242 nostri
1605 2179 1677 2241 lesu
1702 2178 1826 2254 Christi,

155 2267 260 2329 aliena
283 2266 349 2343 fiat,
373 2277 473 2348 atque
496 2269 529 2329 in
552 2276 701 2331 extremo
724 2271 875 2333 examine
900 2271 1044 2333 districte
1068 2271 1182 2334 ultioni
1205 2270 1382 2333 subiaceat.
1428 2267 1561 2331 Cunctis
1577 2278 1696 2344 autem,
1721 2269 1826 2331 eidem

155 2357 229 2419 loco
252 2377 310 2419 sua
332 2357 401 2418 iura
423 2358 636 2433 servantibus,
659 2359 701 2421 sit
723 2379 791 2440 pax
814 2360 937 2421 domini
962 2361 1063 2423 nostri
1087 2361 1158 2423 lesu
1175 2358 1293 2422 Christi
1312 2360 1350 2438 ⁸),
1375 2368 1536 2439 quatenus
1559 2366 1592 2420 et
1615 2358 1668 2419 hic
1690 2357 1825 2420 fructum

154 2446 243 2508 bone
267 2446 404 2508 actionis
427 2447 610 2528 percipiant
633 2458 666 2510 et
689 2449 777 2529 apud
802 2449 983 2511 districtum
1003 2457 1008 2533 l
1030 2450 1170 2512 iudicem
1193 2449 1320 2530 premia
1341 2457 1452 2535 eterne
1475 2447 1566 2528 pacis
1591 2447 1769 2509 inveniant.
1785 2482 1826 2493 -

155 2532 278 2598 Amen.
301 2533 391 2597 A-m.
415 2535 534 2597 Amen.
558 2571 601 2581 —

368 2624 429 2700 (R)
453 2625 527 2705 Ego
550 2625 714 2705 Eugenius
738 2624 898 2714 catholice
922 2627 1059 2714 ecclesie
1083 2627 1258 2708 episcopus
1281 2646 1323 2688 ss.
1348 2624 1415 2705 (M)

368 2709 389 2793 †
412 2713 485 2794 Ego
508 2713 649 2777 Ymarus
671 2715 874 2778 Tusculanus
898 2716 1074 2797 episcopus
1097 2737 1137 2778 ss.

367 2797 388 2884 i
411 2802 485 2884 Ego
508 2802 608 2884 Hugo
631 2804 816 2867 Hostiensis
840 2805 1015 2887 episcopus
1038 2826 1080 2868 ss.
1104 2800 1150 2889 (6)

367 2924 411 2937 -
434 2888 454 2971 ἰ
476 2892 550 2973 Ego
573 2890 849 2976 GG.(Gregorius)
872 2894 1034 2975 presbiter
1056 2891 1228 2956 cardinalis
1251 2892 1299 2955 tit.
1324 2889 1444 2953 Calixti
1468 2911 1509 2951 ss.

367 2981 388 3057 †
410 2980 483 3060 Ego
506 2980 679 3044 Hubaldus
702 2982 863 3063 presbiter
885 2983 1058 3046 cardinalis
1079 2984 1127 3046 tit.
1151 2991 1264 3045 sancte
1286 2979 1442 3055 Praxedis
1465 2999 1506 3041 ss.

366 3069 388 3239 )
410 3070 483 3150 Ego
507 3069 698 3132 Mansredus
721 3071 881 3152 presbiter
904 3073 1075 3135 cardinalis
1098 3072 1146 3134 tit.
1169 3080 1282 3155 sancte
1305 3067 1426 3133 Savine
1450 3089 1491 3131 ss

411 3158 484 3238 Ego
508 3157 681 3222 Aribertus
704 3160 866 3241 presbiter
888 3161 1061 3224 cardinalis
1084 3162 1133 3223 tit.
1157 3170 1270 3222 sancte
1292 3157 1469 3220 Anastasie
1492 3177 1534 3218 ss.

367 3243 388 3327 †
410 3248 484 3328 Ego
507 3248 605 3310 lulius
628 3248 790 3330 presbiter
812 3250 985 3313 cardinalis
1007 3252 1054 3313 tit.
1077 3251 1180 3312 sancti
1204 3248 1349 3311 Marcelli
1372 3267 1414 3309 ss.

366 3336 386 3418 †
409 3335 482 3417 Ego
507 3338 708 3400 Octavianus
730 3339 892 3419 presbiter
914 3340 1086 3402 cardinalis
1109 3340 1158 3401 tit.
1181 3347 1294 3424 sancte
1317 3335 1437 3420 Cecilie
1460 3356 1501 3397 ss.
1524 3330 1572 3413 (2)

367 3420 388 3507 †
411 3425 485 3505 Ego
508 3425 667 3508 Gerdus(l)
699 3428 860 3509 presbiter
888 3428 1061 3491 cardinalis
1092 3429 1140 3490 tit.
1164 3427 1266 3490 sancti
1290 3424 1451 3506 Stephani
1475 3424 1508 3486 in
1532 3422 1623 3485 Celio
1647 3434 1762 3486 monte
1783 3442 1820 3485 ss.

367 3546 410 3558 -
433 3515 453 3597 †
476 3515 549 3595 Ego
574 3516 656 3578 Otto
681 3517 838 3579 diaconus
862 3518 1033 3580 cardinalis
1056 3517 1160 3579 sancti
1184 3516 1317 3596 Georgii
1341 3514 1384 3576 ad
1407 3511 1527 3575 Velum
1552 3532 1686 3574 aureum
1709 3533 1751 3575 ss.

366 3602 386 3685 †
410 3602 483 3683 Ego
507 3604 684 3684 Gregorius
707 3604 864 3669 diaconus
887 3607 1060 3669 cardinalis
1083 3607 1186 3668 sancti
1209 3603 1330 3685 Angeli
1355 3624 1395 3665 ss.
1420 3600 1469 3683 (1)

368 3688 388 3772 †
412 3693 485 3772 Ego
509 3690 599 3755 Vido
623 3694 780 3757 diaconus
804 3696 976 3758 cardinalis
998 3706 1111 3758 sancte
1135 3695 1238 3757 Marie
1262 3695 1293 3755 in
1316 3691 1445 3754 Porticu
1469 3711 1510 3753 ss.

366 3782 387 3857 Τ
410 3781 483 3861 Ego
505 3782 647 3845 lacintus
670 3782 828 3847 diaconus
851 3785 1023 3847 cardinalis
1045 3795 1158 3847 sancte
1175 3783 1205 3862 b)
1229 3783 1332 3845 Marie
1356 3783 1388 3843 in
1413 3778 1606 3861 Cosmydyn
1629 3798 1671 3840 ss.

367 3866 388 3950 †
411 3869 484 3951 Ego
508 3869 670 3934 lohannes
693 3872 849 3935 diaconus
874 3874 1045 3937 cardinalis
1068 3883 1256 3936 sanctorum
1279 3870 1383 3951 Sergii
1407 3881 1440 3932 et
1464 3865 1567 3931 Bachi
1590 3887 1632 3929 ss.
1657 3864 1706 3945 (2)

314 3957 402 4020 Data
426 3958 546 4040 Signie,
577 3981 637 4041 per
666 3981 797 4024 manum
827 3962 976 4039 Bosonis,
1008 3974 1119 4049 sancte
1142 3964 1293 4047 Romane
1321 3960 1457 4044 ecclesie
1488 3956 1666 4038 scriptoris.
1714 3969 1752 4017 Χι
1774 3953 1824 4017 Kl.

154 4046 244 4108 lunii.
290 4046 472 4110 Indictione
502 4043 585 4134 x[v].
627 4049 863 4114 lncamationis
895 4052 1059 4139 dominice
1090 4072 1177 4114 anno
1202 4062 1308 4112 MCLtl.
1359 4046 1571 4111 Pontificatus
1601 4064 1680 4107 vero
1713 4044 1822 4106 domni

155 4135 298 4198 EUGenii
322 4155 410 4218 pape
433 4151 471 4197 ιιι
494 4157 581 4200 anno
604 4149 732 4202 octavo.
755 4174 799 4185 -

317 4248 359 4298 Or.
378 4249 411 4297 im
429 4250 542 4299 Archrbio
563 4250 696 4316 capitolare
713 4269 742 4301 au
760 4255 847 4319 Rrggio
865 4255 922 4303 nell*
940 4254 1040 4303 Emilia.

315 4321 384 4386 Pcrg.
403 4321 464 4380 ital,
482 4322 518 4371 br.
538 4325 607 4382 omo,
624 4326 685 4388 lang
702 4325 771 4384 O,68,
790 4334 864 4375 umen
883 4329 961 4385 0‚025
979 4324 1168 4391 rrnrgcschlagen,
1196 4322 1273 4371 durch
1292 4321 1350 4370 awti
1365 4321 1458 4370 La'cber
1471 4319 1533 4384 ging
1549 4319 1587 4368 die
1605 4317 1716 4377 διήκειν,
1740 4315 1825 4365 welche

154 4392 200 4441 mit
215 4392 268 4441 dem
286 4391 411 4458 Bleisicgel
428 4394 546 4443 verloren.
585 4395 694 4444 Initiale:
707 4396 801 4461 stacte,
824 4397 934 4447 venierit
961 4397 1129 4461 Uncialsorm,
1152 4394 1315 4458 Gittersclrrist
1336 4409 1386 4457 eng.
1430 4392 1586 4456 Vermn'gnmg
1604 4390 1653 4440 Nr.
1672 4389 1774 4447 2Ptffl,
1799 4387 1823 4437 in

153 4466 200 4513 den
217 4463 366 4512 Buchslaben
384 4466 466 4524 belant,
478 4466 547 4529 frillt
564 4468 650 4526 (md.
686 4466 817 4532 Kommpt
833 4486 850 4532 g
867 4470 912 4517 mit
929 4466 1123 4533 Schleifensattael,
1149 4466 1288 4531 Majuskdn
1306 4464 1368 4512 nach
1389 4463 1492 4512 starkem
1513 4462 1606 4511 I'rcrrkle
1623 4463 1712 4521 belm,
1737 4460 1824 4511 ΖΜ·

153 4536 219 4585 welle
236 4537 321 4594 0‚019.
364 4535 413 4584 Vim
431 4537 597 4586 Decemimus
614 4554 648 4586 an
666 4537 698 4586 ist
714 4540 847 4588 wesentlich
864 4540 1033 4605 weitliiustigcr
1046 4538 1194 4605 gesclniebrn
1211 4539 1250 4586 als
1267 4535 1361 4595 variter,
1388 4536 1445 4584 weil
1460 4536 1504 4583 das
1522 4535 1597 4583 Str'ick
1617 4533 1761 4599 Pergameae
1777 4531 1824 4581 sich

154 4608 192 4655 als
217 4606 273 4656 sehr
293 4622 362 4672 grass
388 4607 477 4656 anaks.
513 4610 577 4657 Drci
601 4610 679 4657 Amen
704 4610 751 4660 Nr.
773 4614 787 4658 7
794 4610 835 4671 xl,
862 4612 906 4659 das
929 4612 1028 4660 mittlere
1052 4611 1119 4659 miss!
1145 4612 1235 4668 0,125,
1259 4607 1381 4656 schlicssen
1406 4607 1443 4655 die
1469 4608 1532 4654 letare
1550 4606 1619 4654 Zcile.
1659 4607 1723 4654 Rota
1744 4604 1824 4653 ΝΗ

160 4678 319 4744 Verdickung)
343 4679 453 4744 gering),
483 4681 562 4738 0,063
588 4681 621 4728 im
649 4681 829 4731 Durclrmerser.
872 4683 1008 4747 Ringkreur
1033 4683 1089 4731 und
1116 4680 1279 4744 ls'nterschrist
1301 4679 1390 4744 gleiche
1407 4677 1487 4726 Hand
1510 4678 1566 4725 und
1581 4677 1663 4735 Dinte,
1692 4674 1826 4741 Umsctrijt

154 4749 220 4798 wohl
238 4766 286 4797 verr
311 4749 416 4799 hellcrcr.
463 4750 631 4817 Monagvamm
655 4752 702 4802 Nr.
726 4755 763 4812 20,
794 4755 897 4802 ziemlr'ch
921 4754 1100 4817 diinnstriclrgr,
1126 4752 1183 4799 hoca
1209 4752 1296 4810 0,059,
1322 4751 1381 4798 breit
1405 4751 1473 4808 (hol.
1510 4749 1557 4796 Die
1583 4749 1715 4813 Datimng
1738 4747 1825 4796 selein!

153 4837 201 4870 von
229 4821 333 4870 andercr
356 4821 431 4871 Dinte
460 4820 623 4872 lerzurr'c'lrren
652 4826 690 4872 als
721 4825 764 4874 der
789 4825 972 4888 Hauptkdrper,
1005 4826 1063 4874 doch
1085 4825 1116 4872 ist
1137 4839 1160 4872 cs
1183 4821 1299 4871 vielleicht
1328 4821 1365 4869 die
1388 4821 1477 4887 gleiche
1503 4819 1590 4879 Hand,
1624 4819 1733 4869 Bosonis
1763 4816 1826 4868 evall

153 4893 334 4958 naclgetragen.
370 4894 418 4942 Die
436 4893 613 4960 Zeugmfimen
640 4911 693 4943 zum
714 4902 822 4962 gr'o'ssten
845 4897 935 4957 Thalle,
958 4913 1028 4946 menn
1053 4896 1120 4945 nicht
1136 4896 1194 4953 alle,
1213 4911 1260 4943 von
1275 4893 1380 4959 gleicher
1396 4892 1476 4940 Hand
1493 4892 1549 4939 und
1564 4891 1647 4951 Divite,
1675 4891 1750 4940 wobri
1764 4888 1824 4939 nach

159 4966 275 5030 Varlagen
289 4965 421 5030 gearber'tcr.

306 5108 471 5116 a———-
483 5104 577 5115 —d‘

311 5193 337 5260 a)
357 5193 431 5243 Cristi
530 5195 1032 5261 blithergesclrricben.--.1)Hilnls,
1059 5196 1162 5261 Birthas
1182 5212 1228 5246 von
1248 5194 1362 5253 Mantua,
1391 5194 1575 5243 1007-1044.
1675 5193 1702 5256 2)
1721 5189 1821 5248 Eliseus,

155 5264 259 5329 liischcy'
269 5281 317 5313 vcvr
335 5265 450 5325 arantur,
471 5268 651 5318 1056-1057.
