3982 6194
156 236 236 318 180'

152 440 373 503 Romanorum
397 439 649 522 imperatoribus
672 439 815 502 maxime
838 459 856 500 a
879 437 1028 502 Lodoico
1045 445 1184 521 augusto
1205 444 1238 502 et
1253 438 1320 501 eius
1336 441 1475 523 coniuge
1489 439 1694 525 Ingelberga,
1717 442 1810 525 ipsius

152 528 216 593 loci
240 528 428 603 fundatrice,
457 528 552 592 valde
581 529 736 592 dilectum
767 536 817 589 est
847 536 879 589 et
901 527 991 610 larga
1021 529 1266 609 possessionum
1296 548 1426 591 suarum
1457 529 1635 595 donatione
1659 531 1811 611 ditatum3

152 620 236 680 sicut
268 619 354 680 enim
386 636 429 679 ex
461 617 637 700 privilegiis
667 619 769 699 ipsius
800 618 1022 698 precepimus,
1054 625 1161 679 curtes
1191 617 1233 679 de
1261 615 1487 695 Guardastalla
1504 616 1529 704 ¹)
1561 627 1595 682 et
1616 619 1757 683 Liciaria
1783 629 1813 686 et

153 705 231 769 alias
255 707 487 788 possessiones,
511 707 572 788 ipsi
595 705 791 769 monasterio
814 704 915 768 libere
938 712 971 767 et
993 705 1184 768 inconcusse
1208 706 1433 787 possidendas,
1465 708 1496 769 in
1519 716 1718 791 perpetuum
1742 728 1812 772 con·

154 804 326 858 cesserunt.
364 794 407 857 Et
431 797 585 876 quoniam
611 795 702 858 locus
724 797 795 877 ipse
811 814 884 856 cum
902 795 1103 875 pertinentiis
1118 797 1184 856 suis
1198 796 1241 857 ad
1257 795 1306 857 ius
1321 795 1410 857 beati
1427 796 1512 859 Petri
1529 805 1562 859 et
1576 800 1813 879 protectionem

154 894 297 947 nostram
322 884 504 965 specialiter
526 893 663 967 spectat,
693 892 761 946 tam
785 901 843 964 per
866 903 935 958 nos,
966 902 1064 962 quam
1088 904 1147 965 per
1169 882 1304 969 ecclesie
1327 883 1467 948 devotos
1490 884 1574 948 filios
1597 889 1757 969 cogimur,
1784 889 1812 950 in

153 975 219 1035 suis
243 972 517 1054 oportunitatibus
540 972 712 1037 salubriter
735 973 917 1055 providere.
956 971 1009 1034 De
1032 982 1087 1035 tua
1103 975 1214 1054 itaque
1230 972 1401 1035 nobilitate
1416 971 1588 1054 plurimum
1606 975 1813 1051 confidentes,

155 1063 386 1125 monasterium
420 1064 526 1144 ipsum
558 1069 590 1125 et
622 1064 861 1144 possessiones,
895 1080 959 1142 que
989 1062 1032 1124 ad
1055 1061 1135 1124 illud
1167 1063 1339 1143 pertinent,
1370 1061 1547 1127 defensioni
1579 1071 1636 1127 tue
1666 1065 1814 1127 attentius

154 1151 439 1226 commendamus,
472 1163 641 1232 rogantes,
673 1160 706 1214 ut
736 1170 791 1213 eas
821 1171 882 1232 pro
911 1149 999 1213 beati
1022 1152 1108 1214 Petri
1139 1160 1173 1213 et
1204 1158 1314 1213 nostra
1344 1154 1523 1216 reverentia
1551 1161 1765 1217 manuteneas
1786 1161 1815 1217 et

154 1238 321 1314 defendas,
352 1247 385 1302 et
407 1240 528 1302 nullam
551 1240 705 1304 lesionem
730 1260 787 1302 seu
809 1237 998 1302 violentiam
1031 1239 1136 1303 eidem
1165 1240 1361 1301 monasterio
1378 1239 1445 1303 'vel
1475 1242 1545 1303 eius
1565 1237 1570 1327 Ι
1590 1240 1673 1306 locis
1703 1241 1814 1306 inferas

154 1331 223 1392 sive
246 1350 264 1392 a
286 1329 348 1391 tuis
371 1327 558 1392 hominibus
582 1330 693 1394 inferri
717 1331 896 1411 permittas,
919 1363 962 1374 -
985 1328 1061 1391 Dat.
1086 1328 1245 1402 Laterani,
1267 1342 1306 1391 111
1325 1327 1352 1411 ²)
1375 1329 1451 1391 Idus
1475 1330 1562 1395 Maii.

205 1515 226 1562 c
316 1443 358 1493 Or.
377 1443 433 1493 und
447 1443 571 1507 Abschrist
586 1459 640 1493 vom
659 1443 839 1492 Errdedes12
863 1443 920 1492 oder
941 1458 995 1491 vom
1016 1444 1049 1492 13
1069 1443 1162 1508 Jahrb.
1182 1441 1229 1490 Νη
1248 1442 1300 1491 368
1320 1439 1470 1506 (cartular),
1488 1442 1521 1492 im
1539 1444 1655 1493 Archivio
1673 1442 1816 1508 Municipnlr

154 1529 183 1562 su
224 1529 328 1564 remorsa.

317 1585 358 1634 Or.
378 1585 466 1645 Sciret,
487 1586 554 1651 Perg.
571 1585 631 1644 ἔται,
650 1586 684 1634 br.
705 1587 775 1645 0,19,
793 1587 853 1650 lang
870 1585 955 1646 0,143,
973 1590 1048 1634 natm
1064 1584 1132 1632 nicht
1148 1584 1335 1650 urngeschlagen,
1355 1585 1464 1650 Faltmrg
1480 1585 1524 1634 der
1534 1586 1634 1647 Sekrrte,
1654 1586 1757 1635 stim
1770 1587 1819 1635 und

155 1655 428 1781 affgilazermm·-
462 1657 550 1711 Nictts
579 1656 770 1728 tnongennn.
816 1657 945 1728 Datimng
968 1672 1016 1708 von
1042 1656 1145 1710 anderer
1170 1656 1254 1707 Hand.
1296 1656 1345 1706 Van
1372 1657 1415 1707 der
1432 1657 1661 1725 Dorsalarefsckn'ft
1685 1673 1739 1707 nur
1763 1658 1817 1708 mci

896 2016 960 2091 Nr.
992 2019 1077 2091 170.

157 2147 316 2212 Hadrian
344 2148 367 2211 Ι
373 2146 403 2210 V
419 2149 568 2232 bestiz'tr'gt
596 2149 669 2213 dem
692 2147 772 2211 Abte
796 2148 925 2213 Berard
947 2171 1007 2213 von
1037 2147 1104 2212 San
1128 2147 1214 2212 Siste
1239 2148 1278 2211 di
1303 2148 1479 2225 Pincenza,
1512 2147 1591 2210 dass
1619 2148 1667 2210 im
1695 2146 1823 2210 Kloster

157 2237 295 2301 Miinclze
310 2237 490 2301 uerbleiben
513 2237 619 2314 sollers,
642 2258 680 2300 er
693 2235 809 2301 nr'mmt
830 2259 863 2301 es
887 2239 920 2302 in
942 2238 1173 2322 apostolischrn
1196 2236 1315 2301 Schntz
1341 2236 1410 2300 und
1422 2236 1572 2319 bestcttigt
1591 2237 1680 2301 seine
1703 2237 1821 2300 Besin-

784 2327 912 2392 tluimer
933 2328 1001 2391 und
1022 2326 1139 2391 Rechte
1155 2329 1194 2410 ¹).

761 2444 846 2505 1157
867 2440 945 2506 Μαί
961 2445 1017 2505 23.
1063 2442 1212 2504 Lateran.

315 2555 480 2619 Adrianus
496 2559 680 2639 episcopus,
703 2578 813 2621 servus
829 2578 995 2621 servorum
1012 2559 1074 2632 dei,
1098 2558 1220 2621 dilecto
1236 2558 1304 2621 filio
1320 2558 1475 2633 Berardo,
1498 2558 1612 2622 abbati
1631 2558 1822 2621 monasterii

156 2645 259 2708 sancti
280 2642 373 2720 Sixti,
397 2647 486 2726 quod
510 2646 672 2733 Placentie
695 2650 792 2710 situm
816 2656 872 2720 est,
897 2649 1031 2727 eiusque
1053 2648 1294 2711 successoribus
1317 2648 1505 2729 regulariter
1527 2646 1769 2721 substituendis,
1792 2646 1822 2707 in

157 2743 361 2815 perpetuum.
387 2734 541 2816 Legimus
552 2738 584 2797 in
596 2735 773 2818 prophetis,
786 2735 875 2818 plebi
887 2756 944 2823 sue
957 2737 1193 2818 prevaricatrici
1206 2746 1239 2799 et
1254 2737 1284 2799 in
1300 2738 1465 2819 preceptis
1481 2739 1546 2799 suis
1563 2756 1629 2800 non
1646 2733 1821 2799 ambulanti

159 2825 418 2904 omnipotentem
441 2825 609 2887 dominum
633 2827 840 2900 cominatum,
871 2826 961 2905 quod
989 2845 1046 2889 eos
1069 2826 1111 2888 de
1141 2826 1303 2888 territorio
1333 2846 1393 2888 suo
1416 2824 1578 2900 evelleret,
1609 2826 1716 2888 minas
1747 2844 1821 2887 suas

158 2909 332 2974 efficaciter
353 2912 559 2994 adimplesse.
603 2914 639 2976 ln
663 2914 734 2976 aliis
764 2914 861 2976 etiam
884 2915 1104 2977 voluminibus
1132 2915 1282 2995 legimus,
1314 2916 1460 2978 diversos
1492 2912 1633 2996 populos
1664 2934 1727 2996 pro
1757 2913 1820 2974 suis

158 3001 380 3081 iniquitatibus
403 3022 423 3064 a
444 3002 578 3065 sedibus
600 3005 666 3065 suis
690 3003 787 3066 fuisse
811 3003 984 3085 propulsos
1008 3012 1041 3066 et
1063 3003 1142 3067 alios
1165 3024 1225 3084 pro
1248 3006 1294 3066 eis
1310 3005 1364 3066 dei
1380 3005 1500 3067 iudicio
1517 3003 1706 3066 collocatos
1746 3002 1820 3064 Hoc

158 3089 266 3173 divine
295 3091 520 3171 dispositionis
548 3092 699 3154 iudicium
732 3092 763 3154 in
793 3091 880 3154 beati
910 3090 995 3156 Sixti
1025 3095 1274 3167 monasterium,
1312 3094 1402 3172 quod
1435 3093 1600 3177 Placentie
1630 3094 1729 3155 situm
1761 3098 1820 3165 est,

159 3180 318 3241 cernimus
341 3178 566 3260 adimpletum.
612 3180 694 3244 Cum
719 3183 805 3244 enim
828 3181 1087 3245 sanctimoniales
1109 3181 1172 3243 illic
1196 3181 1317 3244 femine
1340 3202 1400 3264 per
1422 3202 1524 3245 annos
1547 3181 1706 3263 plurimos
1729 3178 1819 3243 habi·

157 3276 297 3344 tassent,
330 3268 559 3348 postmodum,
589 3270 717 3333 abiecta
747 3269 901 3351 regularis
932 3271 1102 3353 disciplina
1130 3271 1269 3346 ordinis,
1299 3291 1359 3353 per
1381 3271 1531 3334 vitiorum
1562 3269 1732 3352 precipitia
1764 3269 1819 3330 de·

159 3354 320 3419 fluxerunt
343 3364 376 3420 et
397 3361 641 3439 possessionum
664 3359 892 3440 multiplicitas,
916 3380 979 3443 que
1004 3381 1023 3423 a
1046 3358 1176 3442 regibus
1198 3360 1249 3423 vel
1271 3358 1341 3423 aliis
1363 3359 1513 3423 fidelibus
1528 3360 1636 3423 eidem
1653 3358 1820 3422 coenobio

159 3445 277 3530 collate
310 3446 452 3522 fuerant,
490 3449 664 3529 plurimum
696 3449 855 3512 diminuta
885 3458 935 3511 est
963 3470 1002 3512 ac
1030 3450 1193 3512 distracta
1246 3447 1354 3530 Quam
1390 3449 1434 3513 ob
1465 3469 1534 3512 rem
1564 3450 1749 3529 sapientum
1780 3467 1819 3508 ac

159 3532 381 3617 religiosorum
404 3537 546 3599 virorum
571 3537 708 3600 consilio
735 3539 899 3619 provisum
924 3546 990 3613 est,
1020 3547 1137 3621 agente
1168 3538 1321 3620 precipue
1351 3537 1479 3600 illustris
1510 3538 1668 3620 memorie
1692 3535 1820 3599 Matildi

159 3626 332 3700 comitissa,
364 3633 398 3688 ut
422 3627 454 3687 in
477 3626 594 3689 eodem
619 3628 814 3690 monasterio
838 3648 898 3708 pro
922 3626 1049 3690 feminis
1071 3629 1128 3690 viri
1153 3635 1357 3709 ponerentur,
1381 3636 1541 3706 quatenus
1565 3635 1598 3689 et
1620 3624 1735 3708 religio
1758 3625 1822 3688 illic

159 3718 284 3789 eadem,
300 3715 333 3777 id
350 3721 399 3776 est
409 3715 577 3778 monastici
593 3716 722 3790 ordinis,
738 3725 919 3779 servaretur
934 3726 969 3779 et
983 3719 1168 3780 monasterii
1186 3717 1419 3797 possessiones,
1435 3736 1499 3799 que
1515 3718 1579 3779 iam
1595 3717 1651 3779 diu
1667 3714 1821 3800 distracte

160 3805 294 3878 fuerant,
326 3823 385 3886 per
417 3823 528 3867 eorum
559 3806 802 3868 restituerentur
832 3806 1030 3869 industriam.
1075 3808 1170 3869 Hanc
1200 3805 1296 3887 igitur
1327 3806 1547 3880 mutationem,
1578 3805 1609 3867 in
1641 3804 1707 3867 loci
1737 3804 1821 3867 illius

160 3893 362 3957 ordinatione
386 3892 585 3973 dispositam,
615 3913 675 3955 nos
704 3902 838 3957 auctore
871 3895 935 3958 deo
957 3895 999 3957 ad
1024 3894 1192 3977 exemplar
1214 3895 1480 3977 predecessorum
1512 3902 1697 3957 nostrorum
1733 3893 1821 3957 bone

160 3983 315 4046 memorie
329 3979 494 4046 Paschalis
511 3981 535 4067 ³)
559 3990 591 4044 et
606 3980 778 4057 Anastasii,
801 3983 1022 4047 Romanorum
1046 3983 1246 4066 pontificum,
1270 4002 1328 4064 per
1352 3985 1511 4064 presentis
1530 3983 1643 4064 scripti
1666 3983 1820 4063 paginam

161 4070 399 4134 confirmamus.
436 4068 630 4145 Statuentes‚
654 4080 689 4134 ut
712 4076 879 4155 perpetuis
894 4073 1098 4155 temporibus
1113 4071 1180 4135 illic
1195 4091 1360 4133 servorum
1382 4072 1435 4134 dei
1451 4072 1663 4153 congregatio
1677 4071 1820 4133 virorum

160 4161 221 4225 sub
246 4159 413 4224 monastici
437 4156 559 4223 ordinis
583 4161 813 4224 observatione
836 4171 1035 4243 permaneat.
1080 4161 1190 4243 Ipsum
1213 4179 1293 4223 vero
1315 4158 1423 4223 locum
1447 4168 1480 4223 et
1505 4160 1653 4222 universa
1673 4159 1717 4220 ad
1747 4178 1820 4222 eum

161 4249 354 4333 pertinentia
376 4249 437 4311 sub
460 4249 641 4334 apostolice
663 4250 750 4312 sedis
772 4249 875 4313 tutela
898 4259 931 4313 et
946 4253 1152 4332 protectione
1167 4249 1326 4312 servanda
1342 4268 1519 4322 censemus
1543 4255 1576 4311 et
1600 4247 1821 4328 quorumlibet

161 4340 378 4402 infestantium
396 4337 552 4401 molestiis
567 4339 677 4411 libera,
700 4340 785 4401 sicut
800 4359 818 4400 a
835 4340 1119 4421 predecessoribus
1140 4340 1265 4413 nostris,
1287 4339 1435 4423 Romane
1452 4336 1586 4421 ecclesie
1603 4335 1821 4417 pontificibus,

162 4429 306 4492 noscitur
328 4428 517 4489 institutum.
563 4425 742 4490 Statuimus
765 4428 872 4501 etiam,
901 4437 936 4490 ut
959 4430 1105 4492 universa
1129 4428 1241 4511 predia
1264 4427 1315 4489 vel
1340 4428 1571 4508 possessiones,
1602 4443 1685 4504 quas
1709 4423 1822 4507 Angil·

162 4516 263 4598 berga
286 4517 485 4598 imperatrix,
508 4517 654 4579 eiusdem
678 4517 861 4579 monasterii
885 4515 1058 4592 fundatrix,
1090 4516 1165 4580 illuc
1188 4515 1362 4579 contulisse
1385 4515 1591 4596 cognoscitur
1613 4521 1648 4575 et
1669 4531 1821 4598 quecum·

162 4626 225 4686 que
248 4605 331 4692 ville,
355 4605 484 4688 familie,
507 4605 597 4691 celle,
619 4605 755 4690 ecclesie
779 4625 836 4668 seu
859 4605 982 4692 relique
999 4608 1223 4688 possessiones
1240 4606 1280 4667 ad
1297 4607 1405 4687 ipsum
1426 4603 1657 4666 monasterium
1679 4603 1823 4685 legitime

162 4698 327 4777 pertinent
352 4694 418 4756 sive
448 4694 478 4755 in
508 4693 648 4756 futurum
679 4695 890 4758 concessione
914 4694 1114 4775 pontificum,
1146 4694 1339 4757 liberalitate
1370 4692 1552 4775 principum
1575 4691 1626 4754 vel
1657 4690 1824 4755 oblatione

162 4784 306 4846 fidelium
329 4785 412 4845 iuste
428 4791 526 4861 atque
549 4784 706 4845 canonice
729 4785 851 4865 poterit
874 4786 1019 4865 adipisci,
1042 4783 1135 4847 firma
1157 4783 1225 4857 tibi,
1249 4785 1377 4862 tuisque
1392 4780 1634 4845 successoribus
1654 4788 1689 4843 et
1703 4780 1824 4843 illibata

162 4881 382 4954 permaneant.
426 4871 576 4933 Preterea
599 4873 743 4934 decimas
766 4880 922 4936 terrarum
945 4882 1132 4948 vestrarum,
1156 4891 1237 4951 quas
1259 4871 1384 4934 habetis
1407 4891 1450 4934 ex
1473 4871 1561 4933 dono
1583 4870 1823 4952 episcoporum,

162 4962 315 5025 videlicet
345 4960 530 5037 Placentini,
554 4959 798 5034 Cremonensis,
828 4962 1026 5038 Laudensis,
1056 4963 1188 5043 Regini,
1222 4961 1345 5047 Mutine
1383 4968 1416 5023 et
1448 4960 1614 5023 Mantuani
1647 4959 1677 5021 in
1713 4978 1823 5022 eorum

163 5051 337 5133 parochiis,
368 5050 645 5129 quemadmodum
678 5052 711 5112 in
742 5049 911 5133 privilegio
941 5061 1051 5136 sancte
1083 5049 1314 5114 recordationis
1338 5049 1476 5112 Adriani
1508 5068 1594 5132 pape
1626 5049 1825 5111 monasterio

163 5149 279 5214 vestro,
309 5138 462 5222 plebibus
493 5147 591 5220 atque
614 5138 745 5220 capellis
769 5141 882 5202 vestris
911 5141 1057 5222 legitime
1088 5138 1279 5223 confirmate
1311 5148 1387 5200 sunt
1402 5137 1438 5221 ⁴),
1470 5157 1531 5199 nos
1562 5155 1697 5217 quoque
1727 5137 1825 5218 ipsius

163 5228 302 5310 vestigiis
333 5227 532 5303 inherentes,
570 5228 665 5292 vobis
695 5229 888 5293 auctoritate
917 5230 1005 5292 sedis
1034 5228 1214 5310 apostolice
1246 5229 1367 5308 pariter
1406 5226 1644 5288 confirmamus.
1692 5222 1826 5299 Crisma,

163 5317 271 5381 oleum
293 5325 449 5392 sanctum,
480 5318 738 5381 consecrationes
768 5317 915 5383 altarium
937 5339 995 5381 seu
1019 5317 1232 5392 basilicarum,
1265 5317 1484 5379 ordinationes
1508 5313 1747 5378 monachorum
1770 5333 1826 5377 seu

321 5500 347 5558 a)
371 5497 419 5544 Vor
435 5496 488 5545 dem
511 5503 586 5544 ersten
603 5496 615 5545 1
633 5498 723 5547 Rasur.
742 5534 796 5542 .-.
809 5500 844 5559 .1)
871 5495 954 5560 Wegrn
980 5493 1109 5544 Guatmlla
1132 5492 1159 5542 in
1182 5492 1256 5542 dieser
1274 5493 1325 5542 Zn'r
1345 5494 1419 5559 vergt.
1440 5508 1466 5544 u.
1484 5493 1514 5543 A.
1533 5490 1660 5551 Robolotn',
1686 5490 1830 5541 Domnmn'

162 5567 251 5617 Siniti
266 5568 292 5616 di
312 5568 440 5625 Cremona,
470 5567 585 5618 Cremona
608 5570 672 5617 1857
690 5577 715 5632 p.
735 5569 775 5617 68.
867 5570 894 5629 2)
918 5567 993 5632 Vergl.
1013 5565 1049 5615 dir
1070 5565 1130 5616 Urk.
1149 5580 1204 5614 vom
1223 5567 1238 5614 7
1258 5563 1329 5616 Mun
1349 5567 1425 5618 1121.
1517 5566 1544 5629 3)
1565 5559 1646 5629 Just,
1665 5563 1727 5629 Reg.
1745 5565 1826 5620 {7865

167 5639 258 5706 Campi,
277 5638 344 5693 Hist
363 5639 391 5694 di
409 5639 527 5696 Piscense
546 5641 565 5692 I
574 5648 598 5707 p.
618 5642 678 5694 385,
750 5644 778 5705 4)
801 5636 880 5711 Jaffr',
899 5640 957 5705 Reg.
976 5639 1053 5690 2624.
