3982 6194
1779 262 1837 309 101

158 433 406 515 compellimur,
445 454 506 515 pro
537 432 746 498 ecclesiarum
778 443 864 499 statu
894 443 1043 519 satagere
1076 443 1109 498 et
1129 435 1133 519 l
1155 455 1266 499 earum
1297 437 1398 516 quieti
1430 443 1464 498 et
1497 434 1624 498 utilitati
1655 434 1840 507 efficaciter,

157 522 336 586 auxiliante
360 523 505 599 domino,
533 524 716 605 providere.
763 523 966 607 Eapropter,
996 524 1105 588 dilecti
1137 526 1169 587 in
1199 525 1334 587 domino
1365 524 1430 598 filii,
1459 526 1575 586 vestris
1604 526 1697 587 iustis
1729 533 1841 606 postu·

157 611 336 676 lationibus
366 620 495 694 gratum
526 614 752 694 impertientes
782 634 967 688 assensum,
998 614 1209 688 divisionem,
1240 634 1338 695 quarn
1371 612 1567 676 venerabilis
1598 612 1698 675 frater
1729 620 1841 674 noster

156 701 317 775 Villanus,
341 700 477 763 Pisanus
501 700 768 784 archiepiscopus
787 703 822 785 ¹),
853 705 1019 766 intervos
1047 711 1080 766 et
1111 705 1344 766 monasterium
1378 711 1410 764 et
1442 701 1555 765 fratres
1579 702 1680 764 sancti
1702 702 1839 764 Ruxorii

157 792 200 855 de
227 789 311 853 silva
336 788 467 853 Tomuli
498 789 614 853 fecisse
644 793 833 866 dinoscitur,
864 793 1059 855 auctoritate
1083 793 1170 854 sedis
1198 791 1379 873 apostolice
1408 790 1638 853 confirmamus
1671 798 1704 853 et
1726 790 1840 853 futuris

156 880 367 962 temporibus
403 889 508 942 ratam
540 888 574 942 et
603 879 828 943 inconvulsam
862 901 995 944 manere
1024 881 1239 944 decernimus.
1285 879 1320 943 Si
1352 882 1425 962 quis
1454 888 1572 954 autem,
1604 878 1698 942 huius
1730 888 1840 963 nostre

155 967 416 1031 confirmationis
440 970 595 1050 paginam
617 971 733 1044 sciens,
757 978 872 1033 contra
894 990 967 1033 eam
996 978 1120 1033 temere
1142 970 1252 1033 venire
1274 969 1492 1051 temptaverit,
1522 969 1669 1031 secundo
1701 971 1840 1031 tertiove

156 1058 389 1132 commonitus,
420 1058 446 1119 si
478 1078 544 1120 non
575 1066 701 1121 reatum
732 1079 827 1121 suum
858 1060 956 1140 digna
986 1058 1209 1122 satisfactione
1232 1061 1419 1132 correxerit,
1452 1059 1708 1139 indignationem
1733 1059 1838 1120 omni-

156 1148 305 1229 potentis
329 1146 382 1209 'dei
405 1156 439 1210 et
461 1146 634 1210 beatorum
658 1148 744 1210 Petri
769 1157 803 1210 et
825 1149 924 1221 Pauli,
957 1144 1194 1231 [apostolorum
1219 1149 1295 1223 eius,
1338 1150 1489 1222 incurrat,
1522 1156 1555 1209 et
1577 1168 1597 1209 a
1620 1147 1839 1210 sacratissimo

152 1256 300 1317 corpore
324 1255 363 1298 ac
385 1237 545 1317 sanguine
568 1237 622 1298 dei
645 1246 679 1299 et
701 1237 832 1312 domini,
856 1233 1088 1322 red[emptoris
1112 1237 1213 1300 nostri
1228 1237 1300 1300 Iesu
1328 1236 1457 1310 Christi,
1480 1231 1627 1322 alienlus]
1651 1234 1715 1311 fiat,
1739 1242 1840 1315 atque

155 1328 188 1388 in
212 1334 368 1388 extremo
391 1324 542 1388 examine
564 1325 707 1388 districte
728 1323 733 1409 Ι
753 1326 868 1390 ultioni
892 1325 1070 1390 subiaceat.
1094 1362 1137 1373 -
1160 1326 1236 1388 Dat.
1260 1326 1434 1401 Ferentini,
1459 1339 1511 1388 1111
1532 1325 1586 1388 Kl.
1611 1325 1706 1388 Febr.
1722 1360 1766 1371 -

323 1438 366 1487 Or.
385 1439 433 1488 Nr.
451 1441 512 1499 469,
530 1440 566 1488 im
583 1440 698 1489 Archiou
718 1440 852 1504 Capitolare
869 1457 898 1489 zu
917 1440 983 1490 R'sa.

321 1510 394 1576 Perg.
411 1510 472 1569 ital,
490 1511 527 1560 br.
547 1513 632 1571 uma,
651 1514 712 1578 lang
727 1514 813 1572 0,163,
832 1520 906 1562 senten
918 1513 996 1572 uolo
1014 1511 1201 1577 umgeschlagm,
1220 1511 1298 1561 durch
1317 1511 1375 1561 ewei
1390 1512 1484 1561 L'o‘clur
1496 1512 1560 1577 ging
1575 1511 1612 1560 die
1629 1512 1734 1571 δῶκαν,
1753 1510 1840 1560 welche

152 1581 199 1629 mit
215 1582 272 1630 dem
292 1581 419 1648 Bleiu'egel
432 1584 547 1633 verloren.
585 1583 693 1650 Faltung
710 1584 754 1634 der
767 1585 870 1635 Breuen.

907 1866 973 1940 Nr.
1007 1869 1091 1940 100.

154 1996 272 2080 Eugen
287 1997 355 2061 III
373 1998 491 2061 nimmt
512 1998 567 2062 die
584 1995 707 2062 Kirclze
721 1998 791 2062 San
817 1996 982 2061 Giovanni
1002 1998 1041 2060 di
1069 1997 1280 2080 Vallemagna
1302 1998 1363 2078 (D.
1381 1998 1414 2060 F
1416 1998 1527 2075 iesole)
1551 1998 1585 2060 in
1604 1997 1838 2079 apostolzsclten

632 2086 750 2151 Schutz
771 2086 844 2150 und
862 2087 1012 2171 bestdtigt
1032 2084 1102 2150 ihre
1126 2087 1367 2151 Besitztluimer.

761 2203 1029 2266 1151Murz30.
1062 2202 1241 2265 Ferentino.

321 2333 487 2417 Eugenius
510 2336 696 2419 episcopus,
725 2357 837 2400 servus
859 2357 1027 2399 servorum
1051 2337 1112 2412 dei,
1143 2336 1268 2399 dilectis
1295 2336 1364 2399 filiis
1388 2335 1556 2409 Clementi,
1588 2336 1688 2417 priori
1712 2334 1836 2398 heremi

154 2421 296 2485 ecclesie
321 2423 411 2486 beati
427 2423 582 2487 Iohannis
605 2427 647 2488 de
662 2425 756 2488 Valle
772 2426 903 2509 Magna,
927 2428 1063 2505 eiusque
1086 2425 1249 2498 fratribus,
1273 2434 1339 2487 tam
1364 2424 1569 2506 presentibus
1593 2443 1691 2503 quam
1715 2423 1838 2499 futuris,

157 2512 345 2592 regularem
367 2514 469 2576 vitam
494 2513 659 2595 professis,
682 2528 721 2578 IN
736 2528 813 2578 PPM.
837 2551 881 2561 -
902 2514 906 2597 Ι
927 2512 1091 2595 Quoniam
1115 2517 1184 2577 sine
1207 2535 1283 2577 vere
1307 2514 1395 2576 cultu
1420 2514 1582 2595 religionis
1613 2533 1673 2576 nec
1698 2513 1837 2576 caritatis

154 2602 266 2663 unitas
290 2609 405 2683 potest
420 2601 597 2665 subsistere
621 2624 681 2667 nec
698 2606 762 2667 deo
779 2613 907 2686 gratum
924 2602 1073 2667 exhiberi
1093 2605 1270 2678 servitium,
1293 2605 1430 2684 expedit
1445 2602 1626 2684 apostolice
1641 2604 1836 2677 auctoritati,

155 2689 327 2771 religiosas
350 2710 508 2773 personas
531 2691 666 2774 diligere
698 2702 731 2756 et
759 2695 763 2772 Ι
791 2713 902 2756 earum
931 2693 1032 2772 quieti
1059 2692 1240 2766 salubriter,
1271 2693 1450 2755 auxiliante
1474 2693 1619 2767 domino,
1652 2692 1835 2773 providere.

155 2779 356 2861 Eapropter,
384 2779 495 2842 dilecti
525 2782 556 2843 in
588 2782 724 2844 domino
751 2781 815 2857 filii,
845 2784 961 2844 vestris
985 2782 1074 2844 iustis
1097 2781 1372 2863 postulationibus
1403 2780 1582 2844 clementer
1603 2780 1774 2843 annuimus
1803 2788 1837 2845 et

156 2867 324 2949 prelatum
348 2868 467 2943 locum,
491 2869 522 2931 in
545 2889 612 2950 quo
636 2871 744 2932 divino
769 2872 943 2954 mancipati
967 2873 1044 2934 estis
1068 2870 1237 2951 obsequio,
1260 2871 1322 2933 sub
1345 2872 1434 2934 beati
1460 2869 1546 2932 Petri
1571 2878 1603 2931 et
1626 2877 1738 2932 nostra
1761 2889 1836 2951 pro·

154 2959 305 3019 tectione
327 2958 521 3039 suscipimus
553 2969 586 3022 et
617 2962 777 3042 presentis
806 2963 918 3042 scripti
949 2958 1118 3042 privilegio
1151 2962 1400 3022 communimus.
1446 2956 1644 3032 Statuentes,
1675 2966 1711 3020 ut
1742 2979 1836 3039 quas·

154 3065 303 3126 cumque
333 3047 568 3129 possessiones,
601 3068 807 3128 quecumque
838 3049 926 3111 bona
957 3050 1046 3112 idem
1070 3047 1161 3110 locus
1191 3050 1224 3111 in
1255 3051 1492 3130 presentiarum
1516 3050 1600 3110 iuste
1624 3055 1657 3110 et
1680 3048 1836 3110 canonice

156 3135 326 3216 possidet,
372 3144 428 3198 aut
463 3137 495 3198 in
527 3136 670 3200 futurum
709 3139 919 3201 concessione
952 3136 1162 3220 pontificum,
1200 3138 1371 3219 largitione
1403 3157 1515 3218 regum
1553 3134 1605 3198 vel
1644 3137 1837 3218 principum,

154 3223 328 3286 oblatione
358 3222 502 3287 fidelium
533 3246 591 3288 seu
621 3225 691 3289 aliis
722 3229 813 3289 iustis
843 3227 949 3290 modis
984 3228 1049 3289 deo
1088 3227 1231 3308 propitio
1266 3229 1389 3308 poterit
1424 3227 1579 3308 adipisci,
1617 3223 1709 3287 firma
1739 3225 1836 3288 vobis

155 3315 342 3392 vestrisque
373 3315 615 3377 successoribus
647 3325 680 3378 et
708 3315 830 3378 illibata
861 3322 1083 3398 permaneant
1129 3314 1165 3378 In
1189 3315 1308 3395 quibus
1340 3315 1401 3401 hec
1432 3315 1571 3398 propriis
1602 3314 1756 3376 duximus
1780 3334 1836 3377 ex·

155 3402 333 3483 primenda
355 3402 542 3466 vocabulis:
580 3404 748 3468 abbatiam
771 3403 925 3467 videlicet
947 3406 990 3467 de
1013 3404 1099 3467 Fleri
1116 3404 1144 3481 ²]
1170 3425 1243 3467 cum
1269 3406 1470 3486 pertinentiis
1493 3406 1568 3477 suiS,
1598 3402 1767 3466 ecclesiam
1792 3404 1836 3466 de

158 3491 356 3573 Marignauo
380 3511 454 3554 cum
478 3502 570 3555 curte
593 3501 626 3557 et
649 3495 851 3575 pertinentiis
874 3496 949 3569 suis,
974 3493 1143 3557 ecclesiam
1168 3495 1210 3555 de
1226 3492 1365 3556 Plazano
1384 3513 1457 3555 cum
1474 3501 1565 3555 curte
1581 3500 1615 3554 et
1637 3493 1842 3573 pertinentiis

157 3582 235 3654 suis,
261 3580 433 3643 ecclesiam
456 3581 500 3644 de
524 3580 707 3665 Morgnano
732 3603 806 3645 cum
831 3591 921 3645 curte
944 3591 978 3646 et
1002 3583 1203 3665 pertinentiis
1226 3585 1303 3656 suis,
1331 3581 1502 3667 ecclesiam
1527 3582 1569 3644 de
1594 3579 1742 3644 Gabiano
1767 3601 1842 3644 cum

157 3678 262 3744 curte,
292 3668 462 3755 ecclesiam
494 3671 536 3734 de
562 3669 730 3753 Canapino
764 3692 838 3734 cum
872 3679 970 3747 curte,
1003 3670 1174 3734 ecclesiam
1207 3672 1250 3733 de
1275 3670 1366 3735 Colle
1390 3672 1476 3732 sicco
1501 3690 1576 3732 cum
1599 3678 1690 3751 curte
1713 3679 1746 3733 et
1769 3690 1841 3752 per·

157 3758 305 3821 tinentiis
330 3778 450 3832 earum,
475 3758 645 3822 ecclesiam
670 3761 713 3822 de
735 3758 831 3823 Valle
850 3758 878 3844 a)
902 3781 976 3823 cum
1000 3759 1202 3842 pertinentiis
1225 3762 1299 3822 suis.
1345 3759 1558 3822 Decernimus
1589 3779 1677 3840 ergo,
1709 3766 1745 3821 ut
1767 3758 1842 3821 nulli

157 3847 297 3909 omnino
329 3846 499 3910 hominum
538 3848 651 3924 liceat,
692 3851 876 3931 predictum
908 3849 1018 3912 locum
1051 3856 1176 3912 temere
1207 3848 1398 3931 perturbare
1429 3856 1485 3910 aut
1515 3850 1584 3910 eius
1617 3850 1842 3930 possessiones

158 3935 289 4000 auferre
321 3935 374 3999 vel
405 3935 532 4000 ablatas
562 3939 713 4014 retinere,
744 3941 890 4001 minuere
919 3947 976 4000 aut
1008 3938 1170 4017 aliquibus
1200 3938 1429 4000 vexationibus
1458 3937 1612 4018 fatigare,
1642 3937 1701 3999 sed
1733 3938 1843 3999 omnia

159 4027 290 4107 integra
312 4035 548 4089 conserventur
570 4047 693 4101 eorum,
725 4048 785 4109 pro
810 4046 950 4107 quorum
974 4027 1214 4109 gubernatione
1241 4035 1274 4089 et
1302 4026 1540 4089 sustentatione
1571 4044 1728 4088 concessa
1758 4034 1842 4100 sunt,

161 4114 274 4177 usibus
308 4116 508 4177 omnimodis
541 4116 728 4197 profutura,
758 4116 847 4179 salva
877 4117 964 4178 sedis
995 4116 1177 4198 apostolice
1208 4118 1402 4178 auctoritate
1435 4124 1468 4179 et
1497 4117 1665 4178 diocesani
1695 4115 1842 4196 episcopi

160 4205 321 4267 canonica
341 4205 469 4267 iustitia.
509 4201 544 4266 Si
569 4225 634 4286 qua
655 4206 751 4286 igitur
772 4207 804 4268 in
826 4205 971 4267 futurum
995 4205 1214 4267 ecclesiastica
1237 4204 1430 4267 secularisve
1453 4224 1601 4286 persona,
1626 4203 1710 4265 hanc
1732 4212 1844 4266 nostre

159 4293 405 4355 constitutionis
429 4295 583 4375 paginam
607 4295 721 4368 sciens,
744 4301 859 4358 contra
882 4314 956 4356 eam
987 4301 1110 4357 temere
1134 4296 1244 4356 venire
1268 4294 1493 4376 temptaverit,
1527 4293 1671 4356 secundo
1702 4295 1842 4355 tertiove

162 4383 373 4456 commonita,
395 4382 422 4443 si
445 4403 511 4444 non
535 4383 759 4447 satisfactione
782 4403 927 4465 congrua
951 4383 1182 4458 emendaverit,
1207 4383 1378 4465 potestatis
1401 4381 1604 4464 honorisque
1618 4383 1668 4443 sui
1684 4382 1843 4462 dignitate

160 4479 273 4534 careat
306 4490 462 4550 reamque
492 4491 528 4534 se
558 4473 669 4535 divino
706 4473 825 4535 iudicio
855 4472 996 4535 existere
1030 4473 1072 4534 de
1103 4479 1291 4554 perpetrata
1323 4472 1490 4551 iniquitate
1524 4478 1722 4553 cognoscat,
1760 4479 1794 4532 et
1824 4491 1843 4532 a

160 4560 383 4623 saeratissimo
415 4580 556 4642 corpore
586 4582 625 4623 ac
649 4564 805 4643 sanguine
828 4562 881 4624 dei
906 4569 939 4623 et
962 4561 1096 4638 domini,
1119 4560 1338 4642 redemptoris
1362 4561 1463 4623 nostri
1487 4559 1559 4623 lesu
1583 4559 1711 4634 Christi,
1740 4558 1844 4622 aliena

161 4648 231 4724 fiat,
271 4657 372 4728 atque
404 4651 437 4710 iu
469 4659 618 4712 extremo
650 4653 802 4713 examine
842 4651 988 4712 districte
1019 4650 1133 4712 ultioni
1165 4649 1341 4712 subiaceat.
1401 4648 1532 4712 Cunctis
1571 4656 1697 4722 autem,
1735 4649 1844 4710 eidem

161 4737 236 4800 loco
268 4741 355 4801 iusta
386 4739 602 4816 servantibus,
634 4741 676 4802 sit
708 4760 775 4821 pax
807 4739 931 4802 domini
962 4740 1064 4801 nostri
1088 4738 1161 4801 Iesu
1193 4737 1329 4813 Christi,
1361 4746 1521 4817 quatenus
1553 4747 1587 4800 et
1615 4736 1669 4799 hic
1700 4737 1842 4799 fructum

160 4826 246 4914 bone
286 4827 425 4890 actionis
456 4829 637 4910 percipiant
670 4836 703 4891 et
735 4828 823 4910 apud
854 4828 1037 4890 districtum
1067 4828 1208 4890 iudicem
1240 4827 1364 4908 premia
1396 4835 1506 4912 eterne
1537 4828 1626 4909 pacis
1658 4824 1844 4909 invessniant.

159 4916 282 4980 Amen.
307 4915 400 4979 A·m.
423 4915 543 4979 Amen.
568 4953 608 4964 -

379 5004 435 5086 (R)
460 5005 533 5087 Ego
557 5006 723 5088 Eugenius
747 5005 909 5091 catholice
932 5004 1067 5092 ecclesie
1091 5007 1269 5087 episcopus
1292 5024 1333 5067 ss.
1357 5001 1418 5089 (M)

378 5092 399 5174 †
422 5091 495 5177 Ego
519 5093 678 5158 Nicolaus
701 5093 853 5157 Albanus
877 5097 1054 5177 episcopus
1079 5114 1120 5156 ss.
1146 5091 1195 5175 (4)

378 5217 420 5226 -
445 5181 464 5265 †
489 5184 562 5266 Ego
587 5182 764 5266 Gregorius
788 5184 951 5264 presbiter
974 5183 1147 5245 cardinalis
1170 5186 1218 5245 tit.
1246 5181 1363 5245 Calixti
1388 5202 1429 5243 ss.

378 5273 398 5353 †
421 5270 495 5354 Ego
519 5274 693 5336 Hubaldus
717 5272 880 5355 presbiter
903 5270 1073 5335 cardinalis
1097 5275 1145 5334 tit.
1168 5280 1282 5334 sancte
1304 5271 1461 5334 Praxedis
1483 5291 1523 5333 ss.
1548 5267 1595 5355 (2)

378 5362 398 5442 †
421 5360 494 5444 Ego
518 5360 671 5425 Ubaldus
695 5361 857 5445 presbiter
880 5363 928 5425 tit.
952 5369 1064 5423 sancte
1089 5359 1202 5424 Crucis
1226 5363 1257 5423 in
1281 5359 1487 5424 Hierusalem
1512 5358 1684 5422 cardinalis
1704 5357 1733 5443 b)
1757 5377 1799 5420 ss.

325 5553 351 5615 ι)
371 5552 427 5601 Das
444 5568 459 5602 e
477 5551 596 5610 annila,
614 5553 700 5599 Rasur
781 5548 810 5610 bl
828 5564 874 5598 vor
891 5547 1026 5598 cardinalis
1046 5547 1339 5613 Interpunktrbnsreichen,
1366 5548 1411 5595 das
1428 5546 1537 5612 anfangs
1553 5559 1686 5611 vergessene
1711 5544 1778 5593 Wort
1795 5542 1847 5592 tier
1856 5532 1950 5808 J

157 5623 346 5689 migetragen.
356 5660 409 5668 .-
419 5627 456 5691 ,1)
475 5623 501 5671 V
498 5624 597 5683 illanus,
610 5619 757 5684 Eribischos
761 5636 808 5669 von
819 5619 888 5679 Pisa,
903 5621 1088 5670 ruo-1167.
1167 5620 1192 5684 2)
1208 5619 1285 5684 Vergl.
1303 5619 1337 5667 W
1336 5619 1483 5678 inkelmunn,
1502 5620 1563 5667 Acta
1575 5617 1679 5682 Imperii,
1694 5615 1844 5680 p.133,3o.
