3982 6194
1794 266 1833 330 41

737 390 749 419 1

153 443 296 508 actionis
327 438 514 522 percipiant
546 445 581 500 et
613 436 703 518 apud
734 435 916 499 districtum
949 434 1091 497 iudicem
1120 436 1246 516 premia
1275 446 1385 524 eterne
1416 437 1508 518 pacis
1538 438 1714 501 inveniant.
1760 438 1837 502 Am.

153 536 278 598 A—m.
325 530 448 594 Amen.
464 560 509 572 -

373 614 432 698 (R)
456 617 530 697 Ego
554 615 736 679 Celestinus
760 614 920 701 catholice
944 613 1080 699 ecclesie
1104 614 1279 695 episcopus
1302 635 1343 677 ss.
1368 612 1429 700 (M)

374 703 394 789 †
418 707 492 787 Ego
517 705 710 769 Chonradus
734 704 924 769 Sabinensis
948 704 1123 785 episcopus
1146 703 1249 765 subss.

374 792 395 878 †
418 796 493 877 Ego
516 795 758 858 Theodewinus
781 803 892 880 sancte
915 792 1034 879 Rufine
1057 793 1234 873 episcopus
1257 814 1298 855 ss.

374 883 395 968 †
418 886 494 966 Ego
518 883 706 966 Stephanus
728 884 935 947 Prenestinus
958 882 1133 963 episcopus
1156 902 1197 944 ss.
1222 881 1273 964 (6)

374 1011 419 1019 —
443 971 463 1057 †
486 975 560 1055 Ego
583 974 760 1055 Gregorius
783 973 945 1055 presbiter
968 970 1140 1034 cardinalis
1163 971 1246 1033 tituli
1272 971 1384 1035 Calisti
1405 968 1434 1056 a)
1458 993 1499 1035 ss.
1522 969 1560 1057 1).

374 1062 395 1147 †
419 1065 493 1145 Ego
516 1063 664 1126 Thomas
687 1063 848 1145 presbiter
871 1060 1045 1125 cardinalis
1067 1061 1115 1122 tit.
1139 1059 1276 1124 Vestine
1299 1084 1340 1124 ss.
1366 1063 1462 1141 (3¹l2)

375 1151 396 1236 †
420 1154 494 1235 Ego
517 1154 631 1216 Petrus
655 1152 829 1215 cardinalis
852 1151 1015 1233 presbiter
1037 1150 1084 1212 tit.
1108 1161 1221 1237 sancte
1245 1149 1393 1238 Susanne
1416 1173 1457 1214 ss.
1482 1148 1558 1235 (¹ls)

376 1240 455 1323 -†
478 1243 552 1323 Ego
577 1242 753 1323 Gregorius
777 1242 935 1303 diaconus
959 1239 1131 1302 cardinalis
1155 1238 1258 1320 Sergii
1282 1250 1316 1303 et
1338 1241 1440 1303 Bachi
1465 1263 1506 1303 ss.

376 1330 397 1415 †
421 1333 495 1413 Ego
521 1332 603 1395 Otto
629 1332 787 1394 diaconus
810 1329 982 1394 cardinalis
1005 1329 1108 1390 sancti
1132 1328 1275 1392 GeorGii
1299 1331 1340 1392 ad
1364 1328 1485 1393 Velum
1509 1350 1641 1393 aureum
1664 1350 1705 1391 ss.
1722 1330 1778 1407 (1).

377 1419 397 1502 †
413 1422 487 1502 Ego
504 1422 705 1485 Octavianus
727 1421 885 1482 diaconus
907 1418 1079 1482 cardinalis
1095 1418 1197 1479 sancti
1215 1418 1343 1481 Nicolai
1367 1421 1399 1482 in
1417 1440 1544 1482 carcere
1559 1418 1711 1481 Tulliano
1728 1439 1768 1481 ss.
1784 1415 1837 1499 (4)

317 1513 396 1574 Dat.
419 1511 582 1586 Laterani,
613 1531 673 1592 per
696 1530 829 1572 manum
852 1508 1026 1583 GERARD1‚
1056 1516 1168 1569 sancte
1191 1508 1342 1571 Romane
1372 1508 1509 1572 ecclesie
1532 1508 1704 1591 presbiteri
1736 1508 1837 1570 cardi-

153 1604 237 1667 nalis
253 1622 293 1665 ac
306 1600 558 1664 bibliothecarii.
583 1599 682 1662 VIKl.
698 1600 859 1662 Decemb.
882 1598 1065 1660 Indictione
1076 1611 1135 1658 Vll.
1160 1597 1396 1661 Incarnationis
1412 1599 1577 1661 dominice
1593 1618 1680 1660 anno
1691 1609 1837 1659 MCXLIII.

152 1691 371 1757 Pontificatus
393 1711 472 1752 vero
497 1689 610 1751 domni
635 1688 789 1752 Celestini
814 1702 862 1750 ΡΡ.
885 1701 911 1750 11
934 1707 1020 1749 anno
1043 1686 1160 1768 primo.

322 1805 365 1854 Or.
384 1804 417 1853 im
434 1805 529 1870 allgem.
548 1803 730 1852 Ir'eielesarcbive
745 1819 775 1850 eu
794 1801 930 1851 Mibneben.

318 1877 389 1942 Perg.
408 1877 468 1936 ital,
494 1877 529 1925 br.
549 1878 636 1934 0142,
661 1877 721 1940 lang
738 1877 824 1934 0155,
848 1881 922 1922 unten
944 1871 1131 1930 unbesclem'tlen,
1164 1872 1322 1931 002-οΜ
1346 1873 1542 1939 umgescblagen,
1570 1872 1648 1922 durch
1672 1871 1730 1921 swei
1749 1871 1840 1920 Lbeber

151 1952 208 2017 geht
232 1950 272 1999 de'e
299 1965 355 1998 rasa
381 1949 437 1996 iered
458 1947 608 2013 dankelgelbe
632 1946 784 2013 dilnnfia‘dige
802 1945 992 2006 Serdmsclmur,
1011 1959 1096 1991 waram
1122 1943 1167 1991 das
1185 1943 1308 2009 Bleriiegel
1322 1946 1370 1995 Nr.
1391 1951 1404 1994 1
1424 1946 1507 2010 lidngr.
1542 1945 1649 2010 Fallung
1672 1945 1716 1992 der
1738 1945 1837 1993 Bullen.

155 2021 407 2085 Raumvembeilumg:
430 2019 486 2084 fiir
513 2019 559 2067 den
585 2017 756 2082 Hauplkbrper
781 2034 832 2067 nur
849 2019 922 2077 025,
941 2016 996 2080 file
1025 2015 1254 2080 Undersertigungen
1281 2019 1372 2077 0205,
1400 2016 1515 2065 awiscben
1543 2017 1671 2081 Dalimng
1696 2015 1752 2063 and
1779 2014 1839 2063 Um·

151 2095 331 2159 gescblagenem
350 2109 371 2141 c.
389 2094 451 2150 020
460 2091 543 2156 sreier
559 2092 650 2140 Raram.
675 2091 771 2138 Initiale
788 2091 825 2138 ein
846 2088 923 2147 habes,
942 2087 1127 2152 eingebucbleles,
1146 2087 1244 2135 betanus
1253 2087 1282 2137 C.
1320 2087 1476 2155 Verewignng
1490 2087 1538 2136 Nr.
1557 2087 1625 2137 PH*
1639 2111 1651 2147 ·,
1670 2095 1744 2135 etwas
1754 2088 1837 2146 belom,

147 2167 216 2230 fula
232 2166 323 2224 0138.
365 2162 460 2227 Sebrrfl
482 2163 568 2211 sauber
592 2162 648 2210 und
667 2161 768 2220 m'erleeh,
795 2159 935 2225 Mayieskeln
958 2167 1031 2208 etwas
1045 2157 1238 2223 bervargehaben,
1264 2176 1281 2223 g
1307 2160 1351 2207 mit
1376 2159 1684 2224 DurebzugDnlerlbnge,
1714 2158 1751 2206 die
1767 2157 1840 2206 smil

162 2235 384 2297 Wllensclmbrbel,
410 2241 435 2284 et
459 2235 514 2284 and
529 2241 551 2282 st
570 2235 615 2282 mr't
643 2233 891 2298 Verbindrmgsbalkem
908 2233 943 2280 bis
960 2231 1093 2290 100031,
1118 2230 1178 2279 diere
1194 2231 1319 2279 vereinaell
1335 2232 1362 2280 in
1385 2233 1429 2281 der
1446 2231 1520 2280 Mitte
1537 2231 1710 2296 eichacklimg.
1748 2229 1839 2278 Zeilen·

155 2310 220 2358 werbe
238 2310 328 2368 0,019.
374 2308 457 2356 Amen
479 2307 526 2356 Nr.
551 2303 603 2355 31¹.
648 2307 711 2355 Rota
729 2305 777 2355 Νν.
800 2309 821 2364 1,
849 2303 1025 2352 Durebmesser
1051 2304 1140 2361 0002,
1168 2317 1215 2351 von
1238 2303 1281 2351 der
1310 2305 1391 2352 leezten
1413 2304 1474 2352 Zeile
1493 2304 1580 2362 0008,
1607 2319 1654 2351 von
1687 2302 1730 2351 der
1757 2301 1838 2350 linken

157 2381 239 2429 Kaine
258 2380 345 2438 0072,
364 2395 419 2427 vom
438 2377 607 2443 Monegramm
624 2380 713 2437 0216.
740 2376 909 2442 Monogramm
928 2374 1061 2438 dannlinig
1077 2372 1123 2422 Nr.
1146 2379 1182 2435 1⁸,
1201 2374 1260 2422 boch
1279 2376 1367 2435 0048,
1387 2375 1446 2424 breit
1463 2375 1532 2434 0,03,
1550 2390 1598 2422 ven
1616 2376 1660 2424 der
1676 2376 1756 2422 letalem
1776 2372 1839 2421 Zeile

158 2455 247 2511 0018,
266 2467 316 2499 von
334 2450 410 2499 recha
428 2452 515 2509 0064.
552 2449 689 2515 Ringbrms
706 2449 761 2496 rmd
780 2447 945 2512 Untmcenye
960 2448 1063 2495 kbnneen
1081 2461 1128 2494 aon
1143 2445 1248 2510 gleieber
1265 2446 1345 2495 Hand
1359 2449 1414 2496 und
1429 2447 1505 2495 Diale
1523 2446 1663 2506 berriihren,
1682 2445 1726 2494 das
1744 2443 1838 2493 selelies·

156 2525 226 2573 sende
245 2539 270 2571 ss
287 2523 344 2570 und
358 2530 431 2571 etwas
448 2521 511 2569 auele
528 2521 573 2569 das
590 2521 728 2586 Ringkreus
745 2519 897 2583 entspreelren
914 2518 963 2566 sicle
981 2518 1008 2565 in
1024 2518 1173 2566 ansauberer
1190 2517 1283 2566 Mache.
1321 2519 1369 2568 Die
1391 2517 1528 2582 Umsebm'fl
1551 2519 1617 2566 wohl
1630 2535 1678 2566 vem
1704 2517 1747 2565 der
1763 2517 1838 2565 Dinte

156 2597 199 2644 der
219 2593 392 2658 Drelersehmfl,
411 2592 523 2641 amieleer
539 2594 602 2651 aber,
620 2594 645 2640 in
663 2591 763 2656 wiesem
779 2607 828 2640 van
841 2591 947 2656 gleieber
962 2589 1047 2637 Hand.
1084 2589 1316 2655 Raumvertleeilung
1333 2590 1377 2639 der
1391 2590 1555 2652 Drrlerscbrrft
1570 2590 1600 2637 isl
1616 2588 1725 2647 schleebt,
1744 2595 1792 2636 ers!
1808 2604 1837 2635 eu

156 2667 296 2732 wee'lldufig,
315 2666 383 2713 darm
400 2664 660 2730 mesammengedrdngt.
697 2664 827 2728 Datimng
842 2661 1003 2710 abeoeiebende
1021 2661 1096 2709 Dinte
1115 2677 1170 2709 vam
1189 2660 1360 2725 Hauptkbrper
1376 2662 1431 2710 und
1445 2660 1550 2710 aiemlieb
1568 2661 1645 2710 sicher
1661 2660 1724 2709 autb
1741 2660 1836 2718 andere,

156 2739 214 2786 decb
233 2738 297 2785 nabe
315 2736 453 2786 vermamdte
470 2736 554 2794 Hand,
573 2734 681 2785 Gerardi
698 2735 743 2783 mil
760 2735 890 2783 dunklerer
906 2734 982 2782 Diale
999 2732 1154 2798 eingelragen.
1196 2732 1273 2781 Under
1294 2734 1339 2782 den
1358 2734 1538 2799 Zeugmfirmen
1563 2732 1654 2782 rahrm
1673 2732 1710 2781 die
1727 2731 1770 2780 der
1787 2731 1839 2779 drei

155 2810 267 2874 Bisebb's‘e
283 2808 362 2857 sicber
376 2824 425 2857 van
441 2808 507 2856 einer
523 2808 578 2856 und
593 2807 710 2856 derselben
728 2805 810 2854 Hand
824 2806 880 2854 und
888 2806 962 2853 Dinte
979 2804 1029 2863 her,
1048 2804 1112 2852 auch
1129 2802 1196 2852 wohl
1214 2804 1312 2870 (Inger,
1331 2806 1369 2855 die
1385 2805 1484 2871 e'e'bn'gen
1502 2805 1577 2870 aeigm
1595 2812 1667 2855 tenter
1683 2803 1733 2853 sich
1751 2802 1839 2852 wr'eder

153 2882 244 2946 gleiclee
260 2881 344 2939 Diale,
363 2896 415 2928 nur
431 2880 474 2929 der
493 2879 614 2945 Presbyter
633 2879 719 2929 Pteria
736 2879 792 2926 and
806 2877 906 2926 Dialeon
928 2877 1020 2942 Gregor
1035 2875 1110 2924 baben
1128 2876 1219 2924 bellare.

917 3098 983 3172 Nr.
1013 3100 1077 3171 47.

163 3232 302 3298 celestia
317 3232 361 3298 Il
373 3233 491 3294 nimmt
503 3231 565 3295 das
582 3229 712 3295 Kloster
726 3229 828 3294 Semta
843 3227 958 3293 Mareia
973 3230 1060 3294 della
1078 3229 1235 3312 Pompasa
1250 3228 1310 3310 (D.
1333 3229 1536 3311 Camaccbio)
1553 3233 1587 3296 in
1601 3231 1835 3314 apostoliseleerz

158 3321 275 3387 Sckuta
297 3321 371 3386 und
390 3320 541 3404 bestbtigt
565 3319 651 3384 see'ne
672 3319 1158 3486 BeSiIZtiiniiirbcimeizitij.
1176 3319 1284 3399 werfie'r
1309 3341 1342 3382 es
1354 3320 1504 3404 jblzrlr'cb
1532 3321 1606 3385 drei
1631 3321 1838 3386 Silbersolidi

735 3527 821 3588 1143
840 3524 1015 3589 December
1029 3528 1078 3588 16.
1110 3524 1258 3588 Lateran.

205 3719 211 3736 ¹
319 3641 502 3706 Celestinus
518 3643 701 3724 episcopus,
726 3664 836 3706 servus
859 3662 1025 3706 servorum
1049 3641 1110 3715 dei,
1136 3640 1263 3704 dilectis
1286 3641 1359 3705 filiis
1375 3642 1485 3719 Paulo,
1510 3644 1623 3707 abbati
1645 3647 1834 3708 monasterii

159 3743 293 3796 sanctae
309 3733 443 3808 Mariae,
468 3732 558 3813 quod
583 3733 615 3794 in
639 3733 743 3795 insula
757 3734 935 3814 Pomposia
954 3731 985 3813 b)
1002 3732 1027 3810 2)
1051 3732 1149 3793 situm
1173 3741 1230 3807 est,
1255 3732 1390 3813 eiusque
1414 3733 1574 3808 fratribus,
1599 3744 1667 3797 tam
1683 3755 1834 3816 praesen·

159 3822 245 3885 tibus
281 3841 382 3903 quam
406 3822 528 3898 suturis,
564 3821 752 3903 regulariter
785 3822 1036 3896 substituendis,
1072 3822 1104 3883 in
1138 3831 1344 3902 perpetuum.
1389 3821 1576 3904 Apostolici
1602 3823 1834 3887 moderaminis

159 3911 338 3998 clemencie
361 3913 524 3988 convenit,
558 3911 727 3992 religiosos
752 3911 886 3991 diligere
910 3921 943 3973 et
967 3931 1080 3974 eorum
1102 3908 1176 3972 loca
1199 3911 1255 3992 pia
1277 3913 1484 3992 protectione
1508 3913 1641 3975 munire.
1687 3914 1834 3994 Dignum

159 4021 303 4082 namque
337 4010 371 4063 et
405 3999 569 4063 honestati
600 4002 798 4063 conveniens
828 4021 898 4063 esse
932 4000 1141 4081 cognoscitur
1160 4001 1198 4076 c),
1231 4009 1273 4076 ut,
1311 4002 1365 4082 qui
1390 4001 1432 4063 ad
1456 4001 1665 4064 ecclesiarum
1690 4003 1833 4082 regimen

159 4090 318 4171 assumpti
342 4109 462 4165 sumus,
494 4110 549 4152 eas
572 4099 606 4151 et
627 4111 647 4152 a
670 4110 845 4171 pravorum
868 4088 1038 4152 hominum
1062 4091 1207 4171 nequitia
1235 4100 1384 4152 tueamur
1406 4100 1439 4152 et
1463 4091 1644 4177 apostolice
1667 4090 1754 4153 sedis
1778 4111 1833 4172 pa·

158 4180 299 4242 trocinio
335 4178 513 4242 foveamus.
559 4179 760 4260 Eapropter,
796 4178 905 4241 dilecti
938 4180 969 4241 in
1005 4178 1141 4241 domino
1173 4178 1245 4254 filii,
1280 4180 1396 4241 vestris
1431 4180 1523 4242 iustis
1557 4178 1834 4261 postulationibus

159 4269 339 4330 clementer
369 4268 549 4342 annuimus,
583 4279 616 4329 et
650 4267 746 4354 beate
777 4267 829 4329 dei
861 4268 1026 4348 genitricis
1055 4287 1249 4349 semperque
1280 4269 1413 4349 virginis
1442 4270 1545 4355 Marie
1576 4269 1833 4350 Pomposianum

158 4357 411 4432 monasterium,
443 4358 476 4419 in
509 4376 575 4438 quo
600 4356 710 4419 divino
742 4356 920 4438 mancipati
952 4357 1028 4419 estis
1052 4357 1222 4438 obsequio,
1254 4357 1314 4419 sub
1346 4357 1434 4420 beati
1458 4359 1544 4420 Petri
1568 4368 1601 4420 et
1624 4369 1736 4420 nostra
1758 4378 1834 4439 pro·

157 4448 303 4510 tectione
327 4447 538 4528 suscipimus,
571 4455 604 4509 et
633 4446 792 4528 presentis
816 4446 928 4527 scripti
953 4445 1125 4527 privilegio
1149 4447 1397 4509 communimus.
1445 4443 1648 4523 Statuentes‚
1680 4457 1716 4509 ut
1740 4468 1833 4528 quas·

158 4556 298 4618 cumque
334 4537 573 4617 possessionem
610 4555 814 4622 quecumque
846 4535 935 4598 bona
968 4536 1056 4597 idem
1088 4537 1321 4598 monasterium
1353 4537 1385 4598 in
1416 4538 1653 4618 presentiarum
1686 4538 1769 4599 iuste
1800 4548 1834 4601 et

157 4625 318 4688 canonice
337 4624 488 4706 possidet
507 4626 611 4687 autin
632 4625 773 4688 futurum
793 4625 1005 4687 concessione
1026 4624 1228 4706 pontificum,
1254 4626 1426 4706 largitione
1442 4646 1555 4707 regum
1569 4625 1621 4689 vel
1638 4626 1831 4707 principum,

157 4714 329 4777 oblatione
360 4713 522 4790 fidelium,
558 4734 614 4777 seu
646 4714 716 4777 aliis
749 4714 840 4778 iustis
871 4715 978 4777 modis
1009 4714 1072 4776 deo
1103 4715 1248 4796 propitio
1281 4716 1402 4796 poterit
1432 4716 1585 4796 adipisci,
1620 4715 1714 4777 firma
1736 4716 1833 4779 vobis

156 4804 340 4884 vestrisque
363 4803 605 4866 successoribus
628 4814 661 4866 et
684 4803 809 4866 illibata
832 4812 1061 4885 permaneant;
1095 4804 1127 4865 in
1153 4804 1271 4885 quibus
1294 4804 1355 4885 hec
1377 4805 1518 4885 propriis
1550 4806 1702 4867 duximus
1726 4807 1832 4887 expri-

158 4893 278 4956 menda
310 4892 495 4956 vocabulis:
534 4892 688 4956 videlicet
711 4892 935 4956 massacellam
969 4893 1129 4973 integram
1160 4913 1223 4978 que
1254 4903 1391 4955 vocatur
1416 4895 1613 4969 Matteraria,
1646 4903 1678 4956 et
1712 4914 1831 4957 massa·

157 4982 275 5044 cellam
294 4980 325 5065 d)
350 5000 414 5063 que
437 4992 574 5045 vocatur
597 4983 733 5046 Masculi
759 4985 927 5063 integram,
954 4981 1089 5045 fundum
1114 4984 1275 5063 integrum
1300 4984 1354 5063 qui
1378 4993 1515 5045 vocatur
1537 4983 1652 5047 Casale
1672 4981 1702 5064 e)
1726 4984 1833 5064 publi·

157 5091 241 5147 cum,
267 5070 493 5134 massacellam
511 5071 545 5149 d)
570 5091 634 5156 que
656 5082 792 5134 vocatur
814 5071 947 5153 Nepoti,
972 5081 1004 5134 et
1028 5072 1060 5133 in
1085 5091 1200 5147 massa,
1233 5091 1296 5158 que
1319 5084 1455 5134 vocatur
1477 5082 1576 5154 caput
1598 5072 1705 5147 Bovis,
1731 5084 1832 5136 terras

156 5170 190 5222 et
213 5162 334 5236 vineas,
359 5161 453 5222 sicuti
476 5161 579 5223 modo
602 5181 662 5223 vos
685 5161 815 5223 habetis
831 5171 864 5223 et
887 5160 1004 5223 tenetis
1028 5162 1095 5224 iure
1118 5160 1206 5223 beati
1222 5161 1307 5223 Petri
1332 5161 1483 5242 apostoli,
1509 5183 1569 5224 nec
1593 5182 1659 5224 non
1677 5171 1710 5223 et
1726 5162 1832 5243 ripam

156 5248 299 5312 fluminis
322 5247 496 5312 Alemonis
519 5271 562 5313 ex
593 5251 737 5331 utrisque
760 5249 909 5332 partibus
934 5250 1025 5311 iuxta
1047 5249 1255 5313 masacellam
1274 5249 1306 5333 d)
1331 5271 1394 5338 que
1425 5262 1562 5314 vocatur
1584 5252 1688 5326 Prata,
1719 5262 1830 5314 exten·

317 5390 342 5452 a)
362 5388 421 5452 Auf
433 5389 518 5437 d’amr
623 5389 651 5456 b)
677 5390 812 5454 Pomposie
841 5390 944 5455 Venedig
1050 5393 1074 5454 c)
1102 5390 1272 5456 dignoscimur
1291 5389 1325 5438 II
1426 5391 1453 5451 d)
1473 5408 1582 5441 massam
1601 5393 1620 5441 I
1632 5393 1686 5441 und
1702 5392 1750 5451 III,
1775 5393 1829 5442 Vere.

156 5475 170 5509 e
175 5478 181 5515 r
200 5459 267 5508 inll
278 5459 426 5509 vorCasale
444 5459 504 5508 noch
521 5459 629 5510 Masculi
631 5497 718 5510 ......
724 5468 748 5528 1)
767 5463 845 5526 Vergl.
858 5462 1082 5512 Animadversienes
1095 5470 1142 5526 pro
1159 5462 1234 5511 Sacro
1250 5463 1322 5510 Rom.
1339 5463 1396 5526 imp.
1414 5463 1440 5510 in
1464 5479 1538 5513 causa
1564 5464 1715 5513 Comaclemr'.
1738 5465 1832 5513 Tabula

155 5534 229 5590 1143,
247 5533 304 5580 rand
318 5532 358 5581 die
378 5530 439 5580 Urk.
458 5546 513 5579 vem
525 5533 559 5581 21
572 5533 702 5582 December
723 5535 795 5583 1100.
831 5533 894 5582 Eine
911 5533 1036 5598 Absclerife
1052 5550 1098 5583 aus
1121 5534 1223 5598 Venedrg
1238 5533 1359 5582 verdanbe
1375 5533 1413 5582 e'cle
1432 5534 1515 5584 Herm
1533 5537 1582 5584 Dr.
1594 5535 1621 5584 E
1625 5538 1675 5585 lae.
1698 5565 1727 5573 -
1754 5536 1829 5602 Vergl.

153 5602 217 5651 autb
234 5603 442 5663 Kallenbrurmer,
462 5603 590 5668 Papsmrk.
603 5612 631 5669 p.
650 5606 690 5663 36,
713 5605 742 5669 J.
762 5607 846 5654 5995·
861 5606 906 5653 mil
922 5605 966 5653 der
974 5606 1089 5669 falscleen
1106 5607 1218 5671 Angabe:
1240 5605 1394 5654 Ravennatis
1417 5606 1557 5670 dioecesis,
1582 5608 1638 5655 und
1652 5608 1704 5657 dem
1714 5608 1831 5673 salschen

155 5674 254 5740 Ineipil:
269 5674 423 5741 Apostolici.
495 5676 522 5742 2)
540 5675 610 5742 Le'egt
618 5676 680 5740 jetrt
695 5678 748 5742 auf
759 5677 991 5742 angeschwemmtem
1009 5677 1133 5727 Festlande
1150 5676 1212 5725 nabe
1229 5677 1266 5725 bei
1287 5677 1353 5725 Valle
1371 5677 1399 5726 di
1415 5679 1532 5730 Belbosco.

207 5784 229 5813 r.
242 5772 540 5824 Priuer-nartem&
555 5772 613 5814 Acta
626 5773 670 5813 111.
1604 5759 1620 5808 6

1869 5658 1948 5832 A
