3974 6188
1703 282 1744 367 63

67 476 229 551 percepte
253 471 476 551 protectionis,
499 491 559 553 per
582 471 726 554 singulos
749 472 844 536 locos
866 473 1035 536 denarium
1060 493 1158 535 unum
1181 471 1337 534 Lucensis
1361 479 1495 536 monete
1518 471 1548 533 in
1572 471 1747 535 festivitate

66 559 243 621 beatorum
267 559 495 640 apostolorum
518 562 604 624 Petri
628 569 661 623 et
678 561 769 624 Pauli
792 561 887 624 nobis
904 564 1088 644 nostrisque
1107 559 1136 646 a)
1158 562 1401 625 successoribus
1416 563 1510 624 annis
1525 561 1659 644 singulis
1675 581 1746 643 per·

66 648 248 710 solvendis.
294 644 328 709 Si
345 650 417 730 quis
433 657 552 724 autem,
575 650 668 713 huius
685 659 796 715 nostre
813 651 1053 714 constitutionis
1076 651 1226 733 paginam
1251 651 1363 728 sciens,
1388 658 1501 715 contra
1525 671 1597 714 eam
1621 657 1746 714 temere

67 739 180 800 venire
196 739 416 820 temptaverit,
432 740 579 803 secundo
595 742 733 803 tertiove
750 742 976 816 commonitus,
996 741 1022 803 si
1038 762 1103 803 non
1120 740 1338 803 satisfactione
1354 760 1499 823 congrua
1515 739 1746 815 emendaverit,

68 828 245 908 potestatis
274 825 475 909 honorisque
506 831 555 890 sui
587 830 747 912 dignitate
780 839 890 893 careat
919 850 1077 910 reumque
1107 849 1143 892 se
1166 831 1277 892 divino
1302 830 1420 894 iudicio
1444 831 1585 892 existere
1609 831 1651 892 de
1675 849 1745 910 per-

68 924 200 998 petrata
228 915 398 995 iniquitate
434 927 631 1000 cognoscat,
671 927 704 982 et
736 939 756 981 a
785 920 1003 982 sacratissimo
1036 939 1176 1001 corpore
1207 939 1245 981 ac
1275 921 1431 1001 sanguine
1462 919 1514 981 dei
1547 928 1581 982 et
1611 919 1746 991 domini,

69 1006 291 1087 redemptoris
316 1007 417 1068 nostri
439 1006 512 1070 lesu
537 1006 664 1084 Christi,
688 1008 811 1071 alicnus
834 1008 899 1084 fiat,
930 1017 1029 1089 atque
1053 1012 1084 1071 in
1110 1017 1259 1071 extremo
1284 1009 1433 1072 examine
1461 1009 1608 1071 districte
1632 1007 1744 1070 ultioni

67 1095 248 1157 subiaceat.
295 1093 428 1159 Cunctis
457 1105 577 1173 autem,
612 1097 720 1160 eidem
753 1098 829 1161 loco
861 1099 942 1160 iusta
973 1099 1191 1172 servantibus,
1221 1100 1264 1159 sit
1296 1119 1362 1180 pax
1395 1097 1517 1160 domini
1548 1098 1648 1160 nostri
1672 1097 1744 1159 Iesu

69 1182 201 1258 Christi,
231 1185 382 1263 quatinus
413 1191 446 1247 et
469 1185 521 1248 hic
552 1187 690 1251 fructum
720 1186 809 1250 bone
838 1189 972 1251 actionis
996 1189 1179 1270 percipiant
1208 1195 1242 1249 et
1274 1188 1362 1269 apud
1393 1186 1572 1249 districtum
1604 1187 1744 1249 iudicem

69 1275 219 1356 (premia)
244 1282 355 1337 eterne
380 1275 470 1356 pacis
495 1277 666 1339 inveniant.
712 1274 831 1339 Amen.
855 1276 973 1340 Amen.
996 1276 1116 1340 Amen.

285 1364 346 1440 (R)
371 1363 444 1445 Ego
467 1364 586 1428 Lucius
610 1364 770 1428 catholice
794 1364 933 1430 ecclesie
957 1369 1133 1449 episcopus
1156 1385 1197 1426 ss.
1223 1363 1290 1448 (M)

229 1451 352 1515 Datum
365 1452 526 1529 Laterani,
542 1475 601 1536 per
617 1475 731 1517 manus
745 1456 891 1531 BaroniS,
907 1464 1019 1519 sancte
1035 1455 1184 1519 Romane
1201 1454 1336 1517 ecclesie
1352 1455 1555 1517 subdiaconi.
1585 1453 1662 1515 Idus
1677 1452 1745 1515 No-

67 1541 222 1604 vembris.
246 1541 498 1606 Indictionevss.
520 1544 621 1608 Anno
635 1556 793 1608 Mchmt.
825 1544 1037 1609 Pontificatus
1052 1565 1131 1608 vero
1148 1545 1261 1608 domni
1277 1543 1370 1606 Lucii
1387 1558 1411 1607 11
1428 1563 1515 1625 pape
1531 1562 1617 1605 anno
1630 1543 1745 1624 primo.

234 1656 260 1704 Τ
256 1663 397 1723 νωωκηφὶ
413 1673 468 1707 vom
489 1657 570 1724 Jahn
588 1659 656 1709 1266
674 1659 707 1708 im
725 1659 839 1709 Arriivio
860 1661 991 1709 Convunale
1008 1676 1038 1708 au
1060 1656 1122 1708 Citra
1140 1659 1167 1708 di
1187 1659 1293 1709 Cbstrllo.

824 1959 891 2037 Nr.
923 1962 984 2037 62.

71 2092 189 2158 Lucius
200 2093 249 2157 II
259 2093 409 2176 bestdtigt
422 2091 496 2157 dem
513 2091 727 2174 Erebisclrofe
742 2095 852 2177 Lupus
866 2115 930 2158 von
946 2092 1099 2157 Brindisi
1111 2091 1166 2157 dar
1181 2090 1417 2158 Besz'tstlrrimer
1430 2092 1499 2156 und
1513 2091 1629 2157 Rechte
1643 2093 1746 2158 seines

616 2181 818 2264 Hoclrstiftes
833 2185 894 2247 mit
907 2184 979 2247 dem
996 2181 1139 2247 Pallzicm
1158 2185 1168 2223 ¹
1164 2187 1195 2270 ).

670 2318 754 2380 1145
777 2316 911 2391 Januar
924 2319 957 2379 2.
994 2317 1144 2380 Lateran.

228 2448 347 2513 Lucius
363 2451 548 2533 episcopus,
570 2469 683 2513 servus
706 2471 874 2515 servorum
898 2452 961 2526 dei,
984 2449 1159 2514 venerabili
1182 2450 1271 2513 fratri
1287 2450 1394 2534 Lupo,
1417 2450 1626 2514 Brundusino
1642 2449 1738 2515 archi·

69 2541 240 2621 episcopo,
271 2540 406 2618 eiusque
428 2539 682 2616 successoribus,
714 2541 868 2603 canonice
899 2540 1144 2615 substituendis,
1173 2541 1204 2601 in
1238 2549 1444 2623 perpetuum.
1491 2539 1544 2602 Ex
1566 2543 1744 2604 commisso

68 2627 160 2691 nobis
184 2648 204 2689 a
228 2628 293 2690 deo
316 2629 522 2712 apostolatus
546 2629 658 2691 officio
683 2629 836 2694 iratribus
859 2632 987 2705 nostris,
1010 2638 1076 2692 tam
1093 2631 1199 2692 vicine
1222 2648 1320 2709 quam
1344 2630 1441 2712 longe
1458 2631 1584 2713 positis,
1608 2638 1744 2712 paterna

68 2738 127 2780 nos
159 2717 314 2780 convenit
344 2719 533 2800 provisione
564 2718 733 2782 consulere
763 2740 801 2782 ac
832 2719 986 2795 ecclesiis,
1017 2722 1049 2781 in
1082 2719 1201 2800 quibus
1232 2719 1364 2782 domino
1395 2719 1533 2783 militare
1557 2728 1744 2796 noscuntur,

68 2827 158 2869 suam
193 2808 349 2870 iustitiam
383 2826 584 2883 conservare,
613 2815 649 2870 ut
679 2809 969 2888 quemadmodum,
999 2809 1195 2890 disponente
1227 2809 1372 2883 domino,
1404 2816 1513 2892 patres
1536 2828 1692 2872 vocamur
1713 2809 1744 2871 in

68 2896 208 2971 nomine,
233 2897 278 2958 ita
301 2895 510 2960 nihilominus
535 2897 790 2979 comprobemur
813 2899 844 2961 in
869 2918 979 2980 opere.
1025 2899 1105 2960 Tuis
1127 2898 1232 2979 igitur,
1257 2898 1422 2961 carissime
1442 2898 1473 2960 in
1490 2896 1621 2961 Christo
1645 2897 1746 2962 frater

68 2986 175 3069 Lupe,
208 3004 307 3065 quem
337 3005 398 3067 per
426 2986 481 3049 dei
512 2987 649 3067 gratiam
684 2989 825 3069 propriis
854 2994 1023 3067 tamquam
1054 2987 1141 3050 beati
1164 2987 1249 3050 Petri
1272 2987 1420 3051 manibus
1444 2989 1477 3050 in
1500 2987 1743 3052 Brundusinum

68 3074 352 3156 archiepiscopum
376 3076 645 3151 consecravimus,
677 3076 827 3159 precibus
856 3086 1044 3152 annuentes
1076 3078 1117 3139 ad
1143 3083 1335 3159 perpetuam
1367 3085 1498 3140 sanctae
1520 3078 1744 3141 Brundusinae

69 3164 235 3239 ecclesiae,
259 3165 310 3227 cui
324 3165 389 3227 deo
414 3170 546 3228 auctore
571 3167 747 3246 praesides,
770 3186 886 3248 pacem
910 3186 949 3229 ac
971 3166 1184 3229 stabilitatem
1209 3168 1387 3248 praesentis
1411 3167 1533 3230 decreti
1549 3169 1744 3231 auctoritate

69 3255 239 3327 sancimus,
255 3262 291 3315 ut
307 3256 411 3336 ipsam
427 3255 600 3317 Brundusii
625 3255 798 3329 civitatem,
823 3253 936 3318 Oriam
950 3256 984 3337 ²),
1008 3255 1180 3318 Hostunen
1195 3255 1228 3332 ³),
1253 3254 1450 3337 Carvynium
1463 3256 1501 3338 ⁴),
1525 3255 1744 3338 Misaniam5),

69 3364 140 3406 cum
167 3343 315 3405 ecclesiis
342 3363 462 3419 earum,
492 3352 525 3406 et
556 3352 665 3407 cetera
695 3346 821 3427 oppida
849 3364 906 3408 seu
931 3345 1030 3420 villas,
1062 3364 1143 3425 quas
1173 3343 1215 3407 de
1247 3347 1316 3409 iure
1348 3344 1448 3428 ipsius
1480 3344 1639 3407 ecclesiae
1671 3366 1742 3409 esse

69 3442 255 3508 noscuntur,
280 3443 347 3495 tam
364 3442 407 3508 tu,
433 3453 532 3515 quam
548 3453 752 3497 successores
767 3435 813 3497 tui
837 3435 1017 3516 episcopali
1043 3436 1199 3516 deinceps
1223 3435 1290 3497 iure
1314 3435 1489 3517 disponere
1513 3455 1551 3497 ac
1574 3437 1743 3516 possidere

69 3524 99 3584 in
123 3532 322 3604 perpetuum
346 3522 502 3585 debeatis.
548 3523 719 3586 Praeterea
747 3543 970 3605 quascumque
992 3525 1226 3606 possessiones,
1260 3544 1486 3606 quaecumque
1514 3525 1604 3587 bona
1627 3526 1742 3588 eadem

68 3613 207 3675 ecclesia
230 3613 262 3673 in
286 3612 542 3694 praesentiarum
567 3613 650 3674 iuste
673 3624 706 3675 et
729 3613 888 3676 canonice
916 3614 1072 3695 possidet,
1106 3624 1162 3676 aut
1192 3615 1223 3675 in
1255 3614 1396 3676 futurum
1427 3614 1600 3695 largitione
1630 3634 1742 3696 regum

68 3702 118 3764 vel
148 3701 346 3783 principum,
378 3700 547 3764 oblatione
577 3701 722 3764 fidelium
751 3723 808 3766 seu
839 3702 909 3764 aliis
939 3703 1030 3765 iustis
1054 3704 1162 3765 modis
1186 3704 1250 3765 deo
1273 3704 1418 3785 propitio
1442 3703 1564 3785 poterit
1594 3703 1743 3785 adipisci,

68 3791 160 3852 firma
184 3788 245 3852 tibi
269 3791 398 3872 tuisque
420 3791 662 3853 successoribus
685 3802 718 3854 et
740 3792 866 3854 illibata
881 3803 1105 3873 permaneant.
1144 3792 1180 3854 In
1198 3793 1316 3873 quibus
1336 3793 1417 3855 haec
1432 3791 1574 3874 propriis
1591 3791 1743 3856 duximus

68 3880 286 3961 exprimenda
308 3880 490 3943 vocabulis:
523 3881 667 3943 decimas
691 3882 876 3943 reddituum
909 3883 1070 3957 omnium,
1102 3902 1183 3963 quas
1214 3903 1256 3944 ex
1287 3883 1417 3945 civitate
1446 3882 1499 3944 vel
1530 3901 1572 3943 ex
1602 3883 1743 3947 civitatis

67 3979 166 4052 portu
196 3968 420 4032 Brundusinus
450 3989 561 4032 comes
591 3970 719 4052 accipit,
755 3971 839 4033 sicut
870 3970 992 4033 nobilis
1024 3972 1201 4033 memoriae
1231 3970 1396 4034 Loflridus
1431 3991 1542 4033 comes
1575 3992 1640 4034 una
1669 3993 1742 4034 cum

67 4079 171 4122 uxore
208 4079 267 4121 sua
298 4057 478 4140 Sikelgaita
516 4079 614 4140 super
651 4059 752 4121 altare
788 4059 877 4122 beati
907 4060 1019 4122 Leucii
1059 4080 1119 4141 per
1155 4061 1360 4141 evangelium
1399 4061 1519 4123 obtulit
1549 4069 1582 4122 et
1620 4062 1742 4143 scripto

67 4148 217 4223 firmavit,
247 4147 499 4230 astipulantibus
522 4149 670 4210 similiter
692 4158 725 4210 et
748 4159 826 4229 post
849 4159 989 4211 mortem
1021 4149 1122 4230 patris
1154 4149 1365 4212 offerentibus
1398 4151 1466 4212 eius
1498 4149 1571 4212 filiis
1593 4151 1742 4213 Roberto

67 4238 198 4312 comite,
223 4234 418 4299 Alexandro
441 4243 474 4299 et
497 4236 680 4300 Tancredo.
726 4236 863 4302 Caetera
887 4238 995 4312 etiam,
1020 4237 1158 4316 quaein
1183 4239 1301 4300 eodem
1326 4238 1509 4302 oblacionis
1533 4241 1741 4322 cyrographo

65 4325 246 4409 supradicti
268 4326 327 4388 viri
351 4326 576 4389 Brundusinae
607 4327 763 4390 ecclesiae
794 4328 877 4390 iuste
900 4348 939 4390 ac
966 4327 1113 4407 legaliter
1134 4334 1325 4404 statuerunt,
1357 4329 1462 4410 ipsam
1494 4348 1573 4390 sane
1595 4328 1743 4392 Brundu-

65 4417 173 4478 sinam
197 4415 369 4478 ecclesiam
392 4436 466 4478 curn
490 4416 646 4478 universis
669 4417 873 4498 appendiciis
896 4417 970 4490 suis,
1004 4417 1139 4480 clericos
1163 4426 1195 4479 et
1219 4416 1409 4480 clericorum
1432 4438 1483 4480 res
1506 4416 1648 4481 libertati
1671 4439 1741 4500 per·

66 4516 187 4586 petuae
211 4524 342 4568 manere
366 4505 579 4568 decernimus.
626 4505 714 4567 Nulli
746 4525 824 4586 ergo
856 4507 991 4569 omnino
1021 4506 1191 4568 hominum
1221 4507 1325 4580 liceat,
1357 4507 1540 4588 praelatam
1570 4507 1742 4571 ecclesiam

65 4607 190 4658 temere
204 4594 396 4676 perturbare
408 4605 463 4656 aut
473 4594 541 4656 eius
556 4595 781 4675 possessiones
797 4595 921 4658 auferre
931 4596 983 4657 vel
999 4596 1126 4659 ablatas
1146 4596 1292 4671 retinere,
1310 4596 1454 4658 minuere
1469 4616 1526 4658 seu
1543 4596 1743 4677 quibuslibet

65 4683 299 4747 vexationibus
323 4683 465 4764 fatigare,
499 4684 557 4746 sed
590 4683 702 4745 omnia
732 4683 860 4765 integra
883 4695 1115 4747 conserventur
1136 4685 1251 4747 vestris
1275 4695 1308 4747 et
1332 4685 1478 4761 aliorum,
1511 4705 1572 4765 pro
1603 4706 1742 4766 quorum

65 4774 312 4856 gubemacione
335 4792 373 4835 ac
396 4773 658 4836 substentatione
681 4792 837 4836 concessa
860 4783 943 4849 sunt,
974 4774 1085 4837 usibus
1109 4774 1308 4836 omnimodis
1331 4773 1509 4856 profutura,
1542 4774 1632 4836 salva
1654 4775 1743 4838 sedis

66 4863 272 4945 apostolicae
295 4863 496 4925 auctoritate.
542 4861 642 4923 Pallei
666 4863 765 4924 etiam
789 4863 984 4944 dignitatem
1007 4885 1049 4926 ex
1073 4865 1209 4944 antiquo
1233 4864 1390 4926 ecclesiae
1418 4874 1493 4926 tuae
1517 4883 1608 4925 more
1633 4864 1741 4926 frater·

66 4953 159 5015 nitati
184 4961 261 5014 tuae
284 4970 328 5013 ex
350 4951 553 5032 apostolicae
576 4952 664 5013 sedis
680 4951 875 5014 liberalitate
891 4954 1118 5030 concedimus,
1151 4954 1241 5015 cuius
1256 4953 1316 5015 tibi
1334 4974 1409 5015 usus
1425 4954 1467 5014 ad
1483 4953 1555 5015 sola
1571 4953 1742 5016 missarum

65 5040 238 5104 sollemnia
262 5041 347 5103 intra
369 5040 541 5103 ecclesiam
564 5039 661 5103 licere
685 5042 885 5122 cognoveris,
911 5042 1027 5104 diebus
1050 5052 1176 5105 tantum
1201 5043 1270 5118 illis,
1296 5044 1351 5123 qui
1376 5041 1507 5104 inferius
1531 5050 1742 5121 annotantur;

66 5132 100 5193 id
130 5140 196 5194 est:
236 5130 407 5192 nativitate
440 5130 581 5204 domini,
614 5130 806 5211 epiphania,
837 5132 1096 5194 annunciacione
1128 5132 1268 5207 domini,
1303 5151 1403 5194 caena
1435 5131 1575 5206 domini,
1608 5133 1741 5213 pascha,

65 5221 268 5295 ascensione,
292 5219 515 5301 pentechoste‚
539 5218 642 5281 tribus
667 5219 756 5281 lestis
779 5231 912 5283 sanctae
928 5221 1060 5297 Mariae,
1084 5222 1187 5283 sancti
1208 5221 1361 5283 iohannis
1383 5221 1563 5303 Baptistae,
1586 5223 1743 5285 nataliciis

65 5309 305 5392 apostolorum,
335 5308 555 5372 sollemnitate
584 5309 687 5372 sancti
716 5306 840 5385 Leucii,
872 5311 1222 5374 commemmoratione
1254 5311 1401 5373 omnium
1432 5324 1634 5388 sanctorum,
1666 5332 1741 5375 con·

163 5443 448 5452 ——.-..-.-..-—-
465 5443 492 5448 —-

227 5506 254 5569 a)
271 5503 410 5568 vestrisque
428 5504 508 5554 nobis.
527 5542 581 5551 -
599 5506 636 5573 .1)
654 5506 702 5555 Die
713 5506 838 5573 Abschrifl
854 5508 930 5558 dieser
944 5509 1061 5558 Urkrmde
1079 5509 1199 5559 verrianke
1216 5506 1253 5557 ici
1272 5509 1324 5557 dem
1336 5508 1420 5558 Ηινηι
1432 5508 1606 5557 Archidiacorw
1622 5507 1745 5556 Giovanni

67 5577 94 5626 Τ
93 5573 238 5627 arantim'
253 5591 283 5623 zu
295 5575 413 5627 Brindisi.
434 5603 465 5613 -
490 5576 568 5643 Vergl.
581 5578 618 5626 die
633 5578 750 5628 Urkrmde
762 5595 816 5628 vom
834 5581 869 5631 22
881 5581 990 5630 Frlmror
1002 5581 1076 5630 1122.
1151 5588 1177 5647 2)
1194 5580 1261 5631 Oria
1335 5581 1362 5646 3)
1383 5580 1478 5631 Oslum‘.
1550 5583 1579 5646 4)
1602 5580 1741 5645 Corovr'gno.

64 5651 92 5717 s)
112 5648 237 5716 usam·
