3982 6194
1798 279 1838 370 65

381 469 402 548 †
424 470 499 553 Ego
521 472 671 536 Villanus
693 472 856 554 presbiter
878 474 1051 539 cardinalis
1074 476 1121 539 tit.
1145 476 1248 539 sancti
1273 472 1433 558 Stephani
1457 477 1490 539 in
1514 485 1627 540 monte
1650 476 1742 541 Celio
1765 499 1807 542 ss.

381 560 402 637 ’γ
423 561 497 643 Ego
522 561 698 644 Gregorius
722 563 880 626 diaconus
903 566 1076 628 cardinalis
1099 577 1286 628 sanctorum
1310 564 1414 647 Sergii
1438 577 1472 629 et
1494 565 1596 629 Bachi
1620 586 1661 629 ss.

379 649 401 727 †
424 651 498 732 Ego
523 649 624 714 Oddo
649 652 807 715 diaconus
830 654 1002 718 cerdinalis
1025 656 1073 720 tir.
1097 656 1201 719 sancti
1225 655 1358 736 Georgii
1383 655 1426 718 ad
1448 655 1568 718 Velum
1592 675 1725 718 aureum
1748 678 1790 720 ss.

380 738 401 815 'r
422 740 497 821 Ego
521 740 630 804 Guido
656 741 813 804 diaconus
837 745 1010 807 cardinalis
1033 746 1081 808 tit.
1106 755 1293 808 sanctorum
1316 743 1436 807 Cosme
1460 755 1493 808 et
1515 746 1669 808 Damiani
1693 767 1733 808 ss.

379 825 400 907 †
423 829 497 911 Ego
522 831 722 895 Octavianus
746 832 903 896 diaconus
927 834 1099 897 cardinalis
1122 835 1225 897 sancti
1250 834 1378 897 Nicolai
1409 835 1442 897 in
1472 855 1600 898 carcere
1623 835 1776 897 Tulliano
1799 856 1839 899 ss.

379 914 400 996 †
423 919 497 1000 Ego
521 920 553 981 in
576 921 729 984 Romana
752 922 891 985 ecclesia
914 923 1023 987 Guido
1048 924 1157 986 altaris
1181 925 1328 987 minister
1351 924 1504 1005 indignus
1527 947 1568 988 ss.

379 1006 400 1084 †
423 1009 498 1090 Ego
520 1009 634 1073 Petrus
658 1008 816 1073 diaconus
839 1013 1012 1076 cardinalis
1034 1023 1147 1076 sancte
1170 1013 1274 1075 Marie
1298 1014 1329 1075 in
1352 1013 1482 1077 Porticu
1506 1035 1547 1077 ss.

378 1095 400 1173 †
423 1098 496 1180 Ego
520 1099 683 1163 lohannes
706 1101 865 1164 diaconus
889 1103 1061 1165 cardinalis
1084 1103 1187 1166 sancti
1211 1102 1350 1165 Adriani
1373 1123 1414 1164 ss.

379 1186 400 1263 †
423 1188 497 1269 Ego
521 1188 698 1270 Gregorius
723 1189 881 1253 diaconus
904 1192 1076 1255 cardinalis
1100 1193 1148 1256 tit.
1171 1192 1276 1255 sancti
1300 1192 1420 1273 Angeli
1444 1214 1484 1255 ss.

378 1272 399 1354 †
422 1277 495 1359 Ego
518 1278 677 1341 Astaldus
701 1280 858 1342 diaconus
882 1281 1055 1344 cardinalis
1078 1283 1180 1345 sancti
1205 1281 1372 1345 Eustachii
1395 1303 1436 1344 ss.

378 1363 399 1442 †
422 1368 496 1448 Ego
519 1368 681 1431 Berardus
706 1369 863 1432 diaconus
887 1371 1060 1433 cardinalis
1083 1382 1195 1434 sancte
1218 1373 1369 1435 Romane
1393 1372 1529 1434 ecclesie
1552 1392 1592 1433 ss.

378 1452 399 1531 †
422 1455 496 1537 Ego
519 1457 684 1521 lacinthus
708 1459 867 1521 diaconus
891 1461 1064 1523 cardinalis
1087 1471 1200 1523 sancte
1223 1462 1327 1523 Marie
1350 1462 1383 1522 in
1408 1460 1586 1524 Cosmedin
1609 1480 1650 1524 ss.

322 1543 450 1607 Datum
465 1545 580 1622 Rome,
605 1567 665 1628 per
687 1567 820 1610 manum
836 1548 984 1624 Roberti,
1009 1561 1121 1612 sancte
1136 1551 1287 1613 Romane
1311 1550 1447 1612 ecclesie
1470 1549 1641 1631 presbiteri
1665 1549 1839 1612 cardinalis

160 1642 192 1693 et
215 1632 415 1698 cancellarii.
460 1650 486 1698 11
508 1636 562 1697 Kl.
587 1635 764 1699 Februarii.
810 1637 993 1700 lndictione
1016 1653 1088 1702 vlll.
1134 1640 1370 1702 Incarnationis
1394 1640 1558 1702 dominice
1582 1659 1669 1701 anno
1693 1650 1838 1702 Mchlv.

159 1721 377 1786 Pontificatus
400 1745 480 1788 vero
505 1725 618 1787 domni
641 1726 734 1789 Lucii
758 1728 892 1789 secundi
917 1748 1005 1810 pape
1029 1749 1117 1791 anno
1141 1743 1160 1790 1.

165 1908 171 1920 ι
203 1910 253 1958 ω
320 1838 448 1958 Αὖεώῑβ
464 1854 518 1887 vom
539 1841 570 1889 18
593 1839 685 1905 Jahrlr.
704 1841 744 1889 des
763 1842 858 1890 Bullar.
879 1842 955 1892 Basil.
974 1843 1144 1893 Laterarunsis
1157 1851 1182 1907 p.
1206 1845 1245 1903 15,
1264 1843 1296 1891 im
1315 1843 1428 1893 Archivio
1450 1843 1583 1908 Capitolare
1600 1843 1628 1891 di
1644 1842 1696 1891 San
1718 1842 1842 1892 Giovanm'

161 1925 186 1956 m
251 1926 328 1959 erano
346 1927 377 1958 au
414 1914 466 1960 'ona

922 2092 990 2167 ΝΥ.
1022 2097 1083 2169 64.

161 2238 272 2323 Engen
291 2239 358 2303 III
378 2239 497 2304 nimmt
516 2240 571 2303 die
586 2238 868 2322 Kollegiatkirclze
889 2242 958 2305 San
984 2242 1096 2305 Nicolo
1120 2242 1159 2306 dr'
1181 2242 1332 2305 Palatino
1348 2241 1406 2322 (D.
1430 2241 1527 2324 Pisa)
1550 2239 1584 2305 in
1606 2241 1838 2326 apostolisclzen

161 2330 277 2393 Sclruta
293 2331 365 2392 und
377 2326 528 2411 besteitrgt
543 2328 861 2395 ihreBesitztanmer
875 2332 951 2395 und
964 2332 1090 2410 Reclrte,
1112 2333 1220 2411 wofic'r
1231 2329 1379 2414 sithrlz'cle
1394 2328 1619 2395 rwet'Denare
1628 2332 1836 2397 Lucclresisclr

709 2442 752 2484 an
768 2421 822 2484 dir
839 2419 943 2484 Kurr'e
957 2442 998 2485 zu
1013 2420 1188 2485 enrriclrten
1204 2420 1288 2484 sind.

779 2557 862 2617 1145
876 2553 979 2639 April
990 2558 1044 2619 29.
1094 2554 1227 2618 Viterbo.

320 2688 487 2770 Eugenius
509 2690 693 2771 episcopus
717 2710 828 2752 servus
851 2710 1018 2752 servorum
1043 2690 1103 2765 dei,
1128 2690 1255 2752 dilectis
1279 2690 1352 2753 filiis
1376 2690 1545 2771 Gregorio
1576 2690 1676 2771 priori
1700 2688 1836 2773 ecclesie

161 2778 262 2839 sancti
279 2777 433 2840 Nicholai
451 2780 491 2841 de
507 2778 664 2854 Palatin0,
689 2779 823 2860 eiusque
847 2779 1007 2855 fratribus
1031 2789 1099 2842 tam
1123 2779 1329 2861 presentibus
1345 2800 1444 2861 quam
1466 2779 1587 2855 suturis,
1612 2778 1835 2860 regulariter(!)

160 2867 258 2928 vitam
283 2867 441 2948 professis
463 2882 501 2930 IN
516 2882 593 2930 PPM.
610 2885 652 2913 ὲ
674 2866 678 2947 Ι
699 2864 725 2950 a)
771 2868 932 2949 Quotiens
955 2868 1034 2931 illud
1058 2890 1077 2930 a
1101 2869 1197 2932 nobis
1221 2870 1351 2950 petitur,
1376 2870 1465 2950 quod
1482 2868 1598 2930 rationi
1622 2878 1654 2930 et
1671 2868 1835 2930 honestati

161 2957 336 3018 convenire
369 2957 565 3038 dinoscitur,
604 2958 715 3019 animo
746 2977 807 3020 nos
840 2959 935 3020 decet
966 2958 1080 3021 libenti
1111 2959 1305 3035 concedere,
1337 2968 1370 3020 et
1402 2958 1584 3039 petentium
1603 2956 1632 3036 b)
1666 2957 1835 3020 desideriis

131 3089 135 3099 ·
161 3065 341 3127 congruum
357 3047 514 3127 impertiri
531 3046 727 3128 suffragium.
759 3046 867 3126 Quam
884 3047 928 3110 ob
946 3067 1023 3119 rem,
1040 3048 1149 3110 dilecti
1161 3048 1194 3108 in
1212 3049 1347 3110 domino
1364 3047 1428 3124 filii,
1441 3048 1555 3110 vestris
1569 3047 1659 3109 iustis
1679 3043 1684 3130 Ι
1704 3047 1835 3128 petitio·

160 3135 253 3198 nibus
270 3135 529 3198 accomodantes
545 3156 721 3210 assensum,
746 3136 916 3198 ecclesiam
933 3137 1036 3199 sancti
1053 3137 1205 3199 Nicholai
1223 3138 1264 3199 de
1278 3137 1436 3212 Palatin0,
1453 3138 1488 3199 in
1504 3156 1568 3217 qua
1584 3136 1695 3198 divino
1711 3136 1835 3197 vacatis

160 3226 301 3301 servitio,
335 3226 396 3288 sub
420 3226 507 3288 beati
531 3225 617 3288 Petri
641 3225 709 3287 iure
732 3235 765 3286 et
788 3235 900 3287 nostra
922 3226 1024 3288 tutela
1048 3227 1241 3307 suscipimus
1265 3236 1299 3288 et
1331 3228 1491 3307 presentis
1513 3225 1625 3307 scripti
1649 3225 1833 3306 patrocinio

159 3315 410 3378 communimus.
460 3313 657 3392 Statuentes‚
693 3324 728 3376 ut
759 3334 965 3396 quecumque
996 3315 1038 3377 ab
1072 3316 1202 3378 illustris
1233 3316 1390 3401 memorie
1421 3315 1588 3378 comitissa
1618 3313 1747 3377 Matildi
1778 3314 1834 3395 pia

159 3404 339 3468 devotione
361 3403 469 3467 eidem
493 3405 628 3490 ecclesie
652 3403 796 3484 legitime
819 3414 895 3466 sunt
918 3425 1082 3480 concessa,
1115 3425 1134 3466 a
1157 3405 1329 3467 Montione
1352 3405 1476 3467 scilicet
1499 3424 1601 3484 usque
1629 3402 1672 3465 ad
1695 3404 1833 3465 Fossam

158 3512 280 3557 novam
309 3503 343 3556 et
366 3514 385 3555 a
409 3494 489 3555 mari
517 3512 620 3574 usque
644 3493 686 3554 ad
709 3491 847 3555 Fossam
872 3513 1026 3575 magnam
1049 3493 1143 3555 firma
1165 3494 1260 3556 vobis
1284 3495 1316 3555 in
1339 3504 1534 3576 perpetuum
1558 3503 1591 3555 et
1614 3491 1740 3554 illibata
1761 3511 1832 3573 per-

158 3594 324 3646 maneant.
369 3583 521 3645 Preterea
545 3601 750 3663 quecumque
780 3582 878 3658 bona,
910 3602 1132 3664 quascumque
1163 3584 1389 3664 possessiones
1421 3585 1452 3645 in
1482 3581 1718 3664 presentiarum
1750 3580 1833 3643 iuste

158 3685 190 3734 et
221 3673 383 3735 canonice
414 3671 589 3754 possidetis
619 3680 675 3733 aut
705 3671 738 3732 in
771 3671 911 3734 futurum
943 3673 1155 3735 concessione
1186 3672 1395 3753 pontificum,
1433 3673 1606 3754 largitione
1636 3689 1749 3752 regum
1781 3669 1833 3732 vel

158 3762 354 3844 principum,
380 3761 550 3824 oblatione
572 3760 717 3823 fidelium
741 3781 797 3823 seu
821 3761 891 3823 aliis
909 3762 999 3824 iustis
1016 3762 1131 3836 modis,
1156 3771 1323 3843 prestante
1347 3761 1492 3837 domin0,
1516 3760 1666 3842 poteritis
1685 3759 1831 3840 adipisci,

158 3861 226 3914 tam
250 3852 285 3913 in
308 3852 445 3914 decimis
469 3869 568 3931 quam
591 3850 624 3911 in
648 3849 727 3925 aliis,
752 3851 951 3913 universitati
967 3863 1071 3936 vestre
1095 3852 1287 3913 auctoritate
1303 3851 1485 3936 apostolice
1501 3850 1588 3913 sedis
1604 3845 1833 3910 nichilominus

159 3940 401 4003 confirmamus.
440 3940 541 4002 Porro
558 3938 667 4002 oleum
683 3949 842 4014 sanctum,
858 3940 1121 4003 consecrationes
1137 3940 1286 4003 altarium
1301 3961 1358 4002 seu
1375 3940 1590 4013 basilicarum,
1609 3936 1832 4000 ordinationes

159 4030 360 4107 clericorum,
385 4031 440 4112 qui
465 4029 507 4092 ad
530 4048 640 4091 sacros
664 4028 795 4091 ordines
812 4029 930 4091 fuerint
945 4029 1172 4111 promovendi,
1196 4030 1349 4092 aPisano
1365 4029 1548 4110 suscipietis
1572 4027 1831 4108 archiepiscop0,

158 4120 242 4182 infra
266 4121 358 4183 cuius
386 4119 592 4202 parrochiam
625 4117 763 4180 ecclesia
786 4128 893 4180 vestra
925 4119 987 4181 sita
1010 4128 1067 4195 est,
1099 4119 1261 4200 siquidem
1293 4119 1473 4182 catholicus
1504 4117 1600 4180 suerit
1629 4126 1662 4178 et
1693 4116 1832 4197 gratiam

159 4222 259 4290 atque
283 4209 550 4272 communionem
574 4207 756 4293 apostolice
772 4208 859 4270 sedis
882 4207 1032 4271 habuerit
1055 4229 1159 4290 eaque
1174 4208 1270 4270 vobis
1287 4208 1412 4289 absque
1427 4208 1589 4289 pravitate
1610 4216 1643 4268 et
1659 4205 1832 4267 exactione

158 4300 298 4362 voluerit
322 4298 496 4375 exhibere;
535 4297 689 4378 alioquin,
719 4316 960 4377 quemcumque
983 4298 1169 4372 malueritis,
1194 4297 1390 4359 catholicum
1415 4297 1540 4359 adeatis
1564 4295 1751 4368 antistitem,
1777 4294 1831 4374 qui

158 4389 312 4450 nimirum
335 4398 448 4451 nostra
471 4386 569 4449 fultus
592 4386 793 4461 auctoritate,
819 4387 908 4467 quod
932 4387 1124 4468 postulatur,
1148 4386 1325 4467 indulgeat.
1373 4385 1526 4449 Obeunte
1545 4405 1623 4448 vero
1647 4395 1689 4458 te,
1714 4382 1832 4445 dilecte

159 4478 191 4538 in
220 4479 358 4540 domino
388 4477 433 4539 iili
464 4475 610 4557 Gregori,
643 4494 729 4538 nunc
761 4475 908 4538 eiusdem
940 4476 1003 4538 loci
1027 4477 1144 4557 priore,
1174 4476 1226 4537 vel
1258 4485 1387 4537 tuorum
1420 4475 1568 4556 quolibet
1598 4491 1831 4548 successorum,

157 4567 265 4629 nullus
288 4567 334 4629 ibi
359 4565 505 4647 qualibet
527 4564 738 4645 surreptionis
762 4565 880 4626 astutia
902 4585 959 4627 seu
982 4565 1137 4627 violentia
1164 4574 1373 4645 preponatur,
1404 4565 1465 4626 nisi
1490 4583 1587 4645 quem
1612 4561 1726 4624 fratres
1750 4562 1831 4623 eius-

158 4657 235 4718 dem
260 4656 323 4719 loci
348 4655 514 4718 communi
537 4672 670 4716 assensu
700 4663 756 4715 aut
780 4653 913 4716 fratrum
937 4675 1013 4735 pars
1044 4654 1169 4716 consilii
1193 4654 1329 4716 sanioris
1353 4655 1395 4716 de
1418 4674 1476 4716 sua
1508 4651 1772 4733 congregatione,
1805 4651 1830 4712 si

158 4746 290 4808 adhoc
314 4744 458 4808 osticium
482 4743 891 4824 idoneusrepertusinibi
916 4744 1019 4819 fuerit,
1044 4743 1221 4806 autetiam
1252 4742 1293 4805 de
1321 4743 1427 4805 aliena
1459 4742 1595 4804 ecclesia
1625 4750 1658 4803 et
1681 4739 1833 4820 religiosa

157 4835 339 4898 secundum
363 4835 416 4897 dei
440 4833 591 4896 timorem
615 4840 648 4894 et
680 4832 934 4895 ecclesiasticam
965 4833 1109 4914 regulam
1143 4832 1345 4914 providerint
1375 4832 1570 4913 eligendum.
1616 4829 1832 4892 Decernimus

156 4945 246 5005 erg0,
271 4935 307 4987 ut
330 4924 408 4986 nulli
433 4923 568 4985 omnino
591 4919 762 4984 hominum
785 4921 890 4998 liceat,
915 4923 1077 5004 prefatam
1101 4922 1271 4984 ecclesiam
1299 4932 1421 4985 temere
1452 4920 1643 5003 perturbare
1674 4928 1729 4981 aut
1763 4918 1832 4981 eius

156 5014 384 5095 possessiones
408 5011 532 5075 auferre
554 5010 607 5072 vel
631 5010 757 5073 ablatas
781 5011 927 5087 retinere,
961 5013 1105 5074 minuere
1128 5032 1185 5075 seu
1209 5011 1409 5090 quibuslibet
1432 5009 1662 5073 vexationibus
1686 5008 1831 5088 fatigare,

155 5114 207 5166 set
230 5104 343 5166 omnia
366 5103 494 5184 integra
517 5110 748 5164 conserventur
769 5103 892 5176 vestris,
927 5121 987 5183 pro
1013 5121 1151 5183 quorum
1174 5100 1411 5182 gubernatione
1440 5110 1473 5162 et
1495 5098 1732 5162 sustentatione
1755 5116 1830 5158 con·

155 5211 249 5256 cessa
279 5202 364 5268 sunt,
397 5192 508 5254 usibus
538 5189 737 5251 omnimodis
767 5190 947 5271 profutura,
978 5192 1069 5253 salva
1098 5191 1185 5253 sedis
1216 5189 1397 5270 apostolice
1427 5188 1630 5251 auctoritate.
1683 5186 1739 5249 Ad
1770 5185 1832 5248 hec

155 5283 336 5346 adicientes
359 5282 539 5356 statuimus,
563 5288 599 5341 ut
622 5279 743 5341 nemini
767 5278 888 5355 fassit,
912 5279 1046 5361 aliquod
1069 5280 1164 5343 vobis
1187 5298 1363 5360 gravamen
1387 5277 1503 5341 inferre
1519 5277 1571 5340 vel
1595 5276 1720 5356 absque
1744 5285 1832 5338 certa

154 5393 212 5435 seu
236 5370 410 5435 manifesta
433 5370 531 5451 culpa
553 5379 586 5431 et
609 5368 694 5431 iusta
717 5378 816 5448 atque
839 5369 1023 5432 rationabili
1048 5389 1146 5432 causa
1173 5369 1205 5430 in
1229 5367 1347 5430 eodem
1370 5368 1445 5432 loco
1476 5366 1587 5430 divina
1617 5364 1727 5430 officia
1758 5384 1830 5446 pro·

155 5462 276 5538 hibere,
303 5459 462 5542 quamdiu
482 5463 510 5539 ὓ)
533 5457 658 5523 scilicet
680 5457 713 5519 in
729 5457 867 5521 ecclesia
881 5469 996 5535 vestra,
1020 5459 1222 5540 propitiante
1239 5457 1383 5533 domino,
1407 5456 1559 5538 religiosa
1574 5456 1641 5519 vita
1662 5454 1831 5517 duraverit

215 5656 385 5664 -.ἡ-...ψ-
391 5655 439 5662 -ι-
447 5656 516 5662 —-
530 5656 585 5663 —u

314 5692 342 5755 a)
360 5687 410 5737 Die
427 5695 486 5738 erste
503 5687 565 5737 Zeile
582 5686 627 5736 mit
643 5687 744 5737 lellerer
759 5687 834 5737 Dinte
848 5687 996 5753 geschn'ebm
1014 5689 1052 5737 als
1069 5688 1114 5736 das
1134 5685 1232 5752 Uebrrge
1303 5689 1330 5756 b)
1349 5687 1530 5753 peterrteutium
1602 5685 1627 5750 c)
1647 5684 1763 5750 quandiu.

207 5798 227 5828 r.
242 5785 538 5837 erim-nntium,
553 5784 612 5826 Aeta
626 5784 668 5825 ΠΙ.
1606 5777 1622 5829 9

154 5552 210 5614 Ad
235 5552 390 5615 inditium
413 5559 532 5626 autem,
556 5546 647 5632 quod
671 5546 788 5609 eadem
812 5548 949 5612 ecclesia
971 5547 1033 5611 sub
1049 5547 1137 5611 beati
1154 5546 1238 5609 Petri
1263 5556 1296 5609 et
1316 5557 1427 5610 nostra
1442 5547 1649 5629 protectione
1665 5544 1831 5618 consistat,
1852 5590 1946 5824 A
