3974 6188
167 263 206 317 10

162 441 330 523 praedicto
354 441 534 504 Anianensi
558 441 721 504 coenobio
746 440 891 517 contulit,
921 451 953 504 et
977 441 1067 522 quod
1091 441 1148 523 pia
1171 440 1305 503 devotio
1329 438 1473 502 fidelium
1498 433 1617 498 obtulit
1636 429 1668 516 ²)
1691 431 1743 495 vel
1767 431 1833 494 col·

162 530 266 593 latura
288 539 345 607 est,
369 550 533 610 omneque
551 528 582 614 b)
614 530 708 606 illud,
741 530 831 611 quod
854 530 1066 613 inpraesenti
1082 530 1134 593 vel
1150 530 1183 592 in
1200 539 1368 611 posterum
1383 528 1426 590 ad
1442 524 1626 607 praefatum
1641 522 1833 585 Anianense

162 620 394 682 monasterium
416 619 578 701 pertinere
601 619 652 681 vel
683 619 853 700 possidere
884 638 904 681 a
934 628 967 683 te
996 620 1123 701 tibique
1144 617 1173 695 ε)
1205 619 1387 682 commissis
1417 615 1604 689 dinoscitur,
1636 622 1672 674 ut
1706 611 1833 692 absque

161 709 250 770 omni
275 708 498 789 inquietudine
528 708 759 789 cuiuscumque
789 709 962 790 potestatis
984 708 1036 772 vel
1067 709 1264 772 conditionis
1297 708 1420 771 intacta
1450 704 1596 779 retinere,
1623 701 1832 804 distribuere,

161 798 312 860 ordinare
334 807 389 860 aut
412 806 613 860 commutare
635 817 696 879 pro
720 797 783 860 loci
808 797 946 861 utilitate
961 799 1079 874 valeas,
1104 799 1315 861 concedimus
1338 807 1371 860 et
1393 805 1506 859 nostra
1526 800 1701 855 autoritate
1723 808 1832 891 corro-

160 886 323 949 boramus.
368 887 412 949 Et
435 887 512 967 quia
534 886 726 949 ineffrenata
743 884 774 971 d)
799 887 961 967 cupiditas
984 886 1192 968 haeresisque
1215 887 1394 949 simoniaca
1417 883 1506 967 apud
1521 890 1680 944 vestrates
1695 898 1832 941 omnino

160 976 396 1057 temperantiae
420 975 690 1057 discretionisque
713 973 849 1038 modum
873 977 1009 1057 ignorat,
1042 987 1077 1040 ut
1100 976 1241 1053 liberius,
1273 979 1357 1057 qu'ae
1388 971 1609 1056 speculativae
1639 969 1726 1032 vitae
1757 977 1833 1030 sunt

160 1084 312 1146 congrua,
337 1084 487 1127 exercere
504 1064 647 1140 valeatis,
670 1065 939 1146 subrogationem
955 1066 1086 1128 abbatis
1101 1086 1181 1129 sana
1197 1065 1461 1147 congregationis
1476 1061 1637 1125 electione
1652 1057 1833 1159 secundum

160 1153 248 1216 beati
271 1154 440 1217 Benedicti
464 1174 614 1217 normam
637 1155 847 1217 concedimus
871 1164 912 1230 et,
941 1164 976 1217 ut
1000 1156 1088 1217 idem
1110 1154 1338 1237 subrogandus
1361 1154 1404 1216 ab
1429 1153 1597 1234 episcop0,
1631 1167 1729 1229 quem
1761 1145 1832 1208 reli-

159 1243 310 1324 giosioris
332 1243 419 1306 vitae
442 1244 593 1306 meritum
617 1243 905 1319 commendaverit,
929 1244 1144 1308 benedicatur
1176 1244 1357 1324 fratresque
1379 1242 1441 1305 sibi
1466 1239 1632 1313 commissi
1656 1236 1699 1299 ad
1720 1255 1833 1298 sacros

160 1332 291 1394 ordines
313 1343 576 1413 promoveantur.
622 1333 665 1396 Et
688 1342 722 1396 ut
746 1333 817 1414 ipse
840 1333 945 1396 abbas
967 1334 1132 1415 religionis
1148 1334 1312 1396 tramitem
1337 1332 1436 1413 digne
1451 1340 1485 1393 et
1499 1326 1706 1391 laudabiliter
1720 1336 1832 1387 tenere

159 1421 246 1483 visus
269 1421 373 1497 fuerit,
396 1421 563 1484 licentiam
586 1422 731 1484 donandi
757 1423 993 1504 paenitentiam
1016 1424 1244 1505 undecumque
1267 1422 1310 1484 ad
1334 1442 1370 1484 se
1386 1419 1549 1484 humiliter
1565 1414 1833 1517 concurrentibus

160 1510 535 1592 excommunicandique
557 1531 728 1592 perversos
751 1520 952 1593 potestatem
975 1509 1097 1576 habeat
1120 1523 1155 1575 et
1176 1511 1324 1576 solvendi
1355 1509 1608 1582 satisfacientes,
1633 1503 1832 1567 authoritate

159 1599 343 1680 apostolica
357 1597 571 1682 indulgemus.
602 1599 703 1681 Quod
718 1601 744 1663 si
763 1600 855 1676 forte,
873 1601 987 1683 populi
1012 1602 1183 1682 iniquitate
1199 1612 1233 1664 et
1248 1601 1371 1663 malitia
1391 1599 1553 1680 exigente,
1577 1614 1710 1657 necesse
1726 1592 1833 1666 fuerit,¹

158 1689 361 1770 provinciam
389 1689 737 1753 excommunicationis
759 1689 811 1752 vel
834 1691 1030 1753 anatematis
1052 1690 1163 1772 gladio
1188 1690 1289 1767 ferire,
1313 1698 1451 1772 paterna
1473 1685 1679 1766 indulgemus
1708 1682 1832 1763 pietate

159 1787 193 1840 et
214 1778 397 1859 apostolica
420 1778 617 1841 authoritate
641 1778 881 1856 confirmamus,
914 1790 950 1842 ut
979 1780 1068 1842 idem
1097 1781 1189 1843 locus
1211 1779 1409 1842 Anianensis
1441 1775 1594 1839 immunis
1624 1782 1756 1835 maneat
1787 1770 1831 1833 ab

159 1868 248 1929 omni
271 1866 401 1930 vinculo
425 1868 782 1944 excommunicationis,
808 1879 843 1931 ut
866 1868 988 1945 fratres,
1012 1869 1092 1932 inibi
1117 1870 1283 1951 degentes,
1306 1888 1368 1951 pro
1389 1876 1501 1930 nostra
1516 1864 1682 1944 totiusque
1697 1869 1832 1923 sanctae

158 1956 395 2038 Romanaeque
414 1958 442 2037 e)
465 1957 622 2021 ecclesiae
645 1958 749 2021 salute
768 1968 802 2021 et
818 1959 1036 2040 prosperitate
1052 1958 1186 2022 licenter
1201 1956 1419 2039 omnipotenti
1437 1956 1501 2018 deo
1516 1972 1631 2037 preces
1646 1949 1833 2033 persolvere

157 2045 288 2108 valeant
317 2046 604 2128 poenitentesque,
637 2047 693 2129 qui
726 2047 768 2111 ad
792 2047 880 2110 diem
904 2047 1022 2111 festum
1045 2049 1300 2112 consecrationis
1331 2045 1565 2118 confluxerint,
1596 2042 1668 2123 ipsa
1690 2048 1831 2140 tantum:

159 2135 260 2197 modo
292 2135 347 2198 die
374 2136 581 2199 absolutione
611 2146 723 2200 nostra
755 2136 948 2212 releventur,
979 2147 1015 2200 ut
1046 2137 1176 2215 uberius
1209 2137 1395 2201 devotionis
1425 2155 1484 2198 sua
1513 2142 1592 2195 vota
1622 2129 1831 2231 propitiatori

158 2224 304 2288 omnium
327 2226 507 2288 exsolvant.
546 2224 753 2307 Quicumque
768 2245 847 2289 vero
863 2226 1019 2289 laudabili
1037 2226 1124 2290 fama
1138 2227 1191 2290 vel
1206 2226 1361 2307 exemplo
1378 2223 1537 2307 praedicti
1554 2221 1617 2284 loci
1632 2219 1832 2281 Anianensis

157 2323 354 2395 provocatus
378 2314 527 2378 tumulari
551 2334 587 2378 se
610 2316 642 2378 in
665 2315 836 2398 praedicto
860 2315 935 2379 loco
959 2316 1090 2397 petierit
1112 2327 1168 2380 aut
1190 2315 1408 2399 possessionis
1434 2334 1491 2377 seu
1521 2309 1724 2375 substantiae
1752 2326 1832 2369 suae

158 2402 429 2485 qualemcumque
453 2404 669 2485 quantitatem
693 2405 758 2467 iam
783 2405 872 2467 dicto
897 2406 1060 2469 coenobio
1084 2406 1285 2488 erogandam
1309 2403 1515 2486 delegaverit,
1539 2399 1629 2463 nullo
1652 2407 1752 2481 pacto
1776 2395 1829 2498 vel

157 2493 330 2556 occasione
359 2491 573 2575 prohibeatur
595 2494 638 2557 ab
661 2494 830 2577 episcopo,
861 2494 951 2557 cuius
981 2495 1055 2576 ipsa
1085 2515 1227 2577 persona
1250 2495 1353 2570 fuerit,
1385 2500 1537 2574 except0,
1570 2489 1597 2552 si
1627 2508 1688 2571 pro
1719 2506 1829 2568 pravis

158 2582 280 2645 meritis
302 2583 634 2646 excommunicationi
657 2584 781 2665 proprii
805 2583 954 2667 episcopi
977 2584 1109 2666 publice
1129 2585 1335 2648 subiacuerit.
1380 2583 1425 2646 Et
1439 2603 1481 2645 ne
1496 2598 1632 2662 parvam
1648 2575 1830 2658 quamlibet

158 2671 366 2735 occasionem
389 2671 548 2754 praedicti
573 2672 636 2735 loci
660 2673 873 2754 congregatio
897 2673 1086 2737 adinveniat
1108 2673 1213 2737 minus
1236 2672 1431 2756 exequendi,
1455 2690 1540 2753 quae
1562 2676 1677 2731 sancta
1698 2674 1774 2729 sunt
1795 2674 1831 2727 et

157 2761 242 2823 iusta
264 2770 298 2823 et
319 2771 452 2824 sanctae
475 2762 605 2844 regulae
629 2782 781 2844 congrua,
805 2761 866 2825 sub
891 2762 991 2824 divini
1014 2763 1156 2826 nominis
1179 2764 1388 2826 attestatione
1410 2759 1632 2844 prohibemus,
1656 2776 1697 2818 ne
1720 2755 1831 2835 aliqua

157 2849 331 2913 mundialis
361 2860 534 2932 postestas,
569 2871 680 2915 comes
709 2851 862 2914 videlicet
892 2861 949 2914 aut
978 2853 1153 2929 comitissa,
1185 2851 1451 2935 archiepiscopus
1482 2858 1538 2912 aut
1569 2847 1745 2929 episcopus
1771 2863 1829 2906 seu

159 2939 325 3020 quaelibet
346 2939 499 3003 secularis
522 2960 664 3022 persona
687 2950 874 3022 praesumat
896 2941 1004 3003 eidem
1027 2941 1177 3023 praefato
1206 2941 1406 3005 monasterio
1437 2949 1506 3002 arte
1528 2937 1579 3000 vel
1610 2935 1742 3017 ingenio
1773 2943 1830 2996 aut

158 3028 302 3110 maligna
325 3030 498 3093 occasione
513 3029 580 3092 vim
603 3029 720 3094 inferre
735 3029 787 3092 vel
811 3029 967 3093 molestus
983 3051 1054 3095 esse
1069 3050 1125 3095 seu
1142 3031 1313 3113 quippiam
1329 3031 1371 3094 de
1386 3029 1483 3092 rebus
1498 3027 1549 3090 vel
1565 3023 1830 3108 possessionibus

158 3117 283 3181 auferre
305 3127 362 3180 aut
384 3117 534 3194 alienare,
557 3129 613 3182 aut
635 3119 778 3201 aliquem
800 3120 1032 3202 cuiuscumque
1055 3121 1179 3183 servicii
1205 3140 1338 3184 censum
1361 3128 1476 3183 contra
1499 3117 1547 3180 fas
1569 3115 1622 3178 vel
1645 3114 1829 3176 monastico

158 3207 263 3269 ordini
295 3208 327 3270 in
360 3207 470 3289 aliquo
503 3209 700 3271 contrarium
714 3257 715 3262 ,
731 3208 871 3290 exigere.
917 3208 984 3273 Sed
1016 3211 1212 3291 quicumque
1244 3210 1352 3273 eidem
1384 3205 1554 3289 praedicto
1585 3205 1660 3268 loco
1692 3213 1725 3266 et
1753 3223 1828 3265 con·

157 3296 339 3377 gregationi
359 3295 392 3378 s)
417 3297 555 3360 devotus
578 3298 730 3373 extiterit,
762 3308 796 3360 et
825 3297 960 3379 aliquod
991 3299 1180 3381 suffragium
1202 3300 1304 3362 verbo
1338 3309 1394 3361 aut
1425 3316 1526 3379 opere
1549 3304 1605 3358 aut
1627 3292 1830 3356 substantiae

157 3405 234 3448 suae
257 3386 448 3467 erogatione
472 3385 659 3462 contulerit,
693 3407 713 3448 a
735 3386 792 3468 pio
817 3398 1060 3451 remuneratore
1086 3388 1233 3451 omnium
1257 3389 1320 3451 deo
1343 3406 1504 3469 supernae
1534 3382 1773 3447 benedictionis
1797 3393 1830 3444 et

157 3484 287 3537 nostrae
310 3473 502 3538 humilitatis
528 3477 667 3558 gratiam
690 3476 882 3558 percipiant
928 3476 1035 3559 Super
1057 3479 1168 3540 omnia
1191 3498 1268 3540 vero
1293 3478 1383 3559 pacis
1415 3486 1448 3539 et
1480 3473 1676 3537 concordiae
1699 3470 1829 3535 vinculo

156 3564 363 3627 consulentes
386 3575 420 3627 et
441 3565 618 3646 litigiorum
642 3565 790 3628 fomitem
814 3565 967 3629 radicitus
995 3566 1128 3630 abolere
1158 3567 1335 3649 cupientes,
1367 3565 1427 3629 sub
1459 3563 1656 3627 atestatione
1687 3563 1830 3624 nominis

155 3653 273 3715 summi
298 3652 350 3716 dei
374 3653 578 3717 obtestamur
606 3664 639 3717 et
662 3655 993 3732 excommunicamus,
1026 3676 1068 3719 ne
1091 3657 1124 3719 in
1147 3656 1222 3719 loco
1247 3655 1434 3720 Gellonensi
1461 3653 1623 3735 quispiam
1654 3651 1830 3733 episcopus

156 3741 311 3805 abbatem
333 3742 528 3806 benedicere
557 3752 762 3825 praesumat,
793 3743 870 3824 quia
898 3744 940 3807 ad
964 3765 1057 3808 aures
1079 3755 1210 3808 nostrae
1234 3746 1381 3826 pervenit
1412 3742 1618 3816 clementiae,
1651 3740 1830 3822 antiquitus

156 3831 271 3893 cellam
295 3832 497 3913 praedictam
521 3833 597 3895 iuris
622 3832 720 3895 fuisse
742 3832 940 3897 Anianensis
973 3834 1135 3911 coenobii,
1167 3835 1226 3897 sed
1257 3835 1364 3897 omnis
1395 3832 1559 3895 ordinatio
1590 3840 1624 3893 et
1656 3830 1829 3909 dispositio

155 3920 422 4002 possibilitasque
445 3921 605 3984 iamdicti
622 3921 828 3986 Gellonensis
850 3924 1038 3988 monasterii
1057 3925 1087 4004 a)
1111 3925 1144 3987 in
1161 3943 1294 3986 manuni
1318 3923 1476 3986 consistat
1498 3920 1629 3983 abbatis
1652 3938 1829 4001 congrega-

155 4010 319 4090 tionisque
341 4009 549 4076 Anianensis.
601 4010 636 4074 Si
675 4011 747 4092 quis
786 4021 896 4075 autern
936 4010 1030 4076 huius
1078 4014 1179 4077 nostri
1213 4012 1372 4095 privilegii
1405 4013 1608 4075 sanctionem
1647 4018 1680 4071 et
1721 4028 1828 4072 corro-

155 4098 363 4162 borationem
378 4099 410 4161 in
426 4098 537 4180 aliquo
554 4100 716 4182 refragare
731 4100 782 4162 vel
798 4099 973 4183 infringere
987 4103 1169 4179 tentaverit,
1193 4102 1236 4164 ab
1260 4102 1479 4184 omnipotenti
1503 4101 1567 4164 deo
1591 4107 1684 4180 patre
1705 4106 1738 4160 et
1761 4098 1828 4161 filio

156 4197 189 4250 et
220 4187 334 4271 spiritu
361 4198 476 4251 sancto
507 4199 667 4271 perpetua
698 4187 929 4254 maledictione
959 4191 1132 4255 damnetur
1163 4201 1195 4254 et
1227 4211 1248 4253 a
1277 4200 1410 4254 sanctae
1440 4189 1576 4274 ecclesip
1609 4187 1735 4269 gremio
1774 4209 1830 4251 ex·

154 4275 265 4358 pulsus
289 4296 364 4340 cum
387 4278 496 4359 impiis
519 4276 601 4363 eth)
623 4277 798 4341 homicidis
822 4279 956 4342 diabolo
979 4282 1133 4357 tradatur,
1157 4280 1356 4363 perennibus
1378 4277 1548 4362 gehennae
1571 4277 1730 4340 incendiis
1753 4298 1830 4341 con·

155 4367 357 4429 cremandus.
404 4365 470 4447 Qui
493 4387 571 4430 vero
600 4368 694 4431 huius
722 4370 823 4431 nostri
853 4368 1013 4452 privilegii
1037 4381 1248 4433 conservator
1278 4370 1432 4445 extiterit,
1465 4389 1538 4433 cum
1562 4367 1706 4447 benigno
1737 4388 1827 4431 sanc·

155 4464 263 4518 torum
287 4455 434 4519 omnium
458 4456 596 4539 collegio
621 4477 703 4539 euge
727 4467 889 4520 mereatur
910 4459 1088 4541 percipere.

313 4634 438 4697 Datum
468 4634 609 4710 Romae,
640 4649 692 4698 1111
722 4634 838 4698 Nonas
869 4635 965 4712 Maii,
998 4656 1058 4718 per
1090 4657 1222 4700 manum
1254 4637 1428 4711 Bernardi‚
1464 4647 1575 4723 sancte
1599 4635 1827 4700 Praenestinae

155 4720 289 4808 ecclesie
313 4722 471 4804 episcopi.
516 4722 617 4786 Anno
641 4725 683 4787 ab
708 4724 931 4788 incarnatione
955 4725 1079 4789 domini
1104 4727 1205 4789 nostri
1229 4726 1300 4789 lesu
1324 4727 1442 4791 Christi
1463 4725 1493 4812 i)
1510 4740 1617 4789 MLXL.
1664 4724 1765 4789 Anno
1789 4739 1827 4790 111

154 4809 364 4891 pontificatus
388 4809 540 4875 Nicholai
560 4811 589 4893 k)
613 4834 701 4900 papp
724 4815 868 4877 secundi.
914 4814 1097 4879 Indictione
1120 4830 1205 4879 xJ111.

312 4925 466 4991 Absclrrth'ten
484 4927 529 4977 der
544 4925 603 4976 MS.
621 4928 664 4977 lat.
684 4928 769 4977 13816
778 4929 830 4993 sol.
849 4930 882 4976 67
902 4926 953 4994 (Α),
978 4929 1195 4995 rmd12777fhl.
1215 4933 1249 4982 82
1268 4929 1322 4997 (B),
1349 4923 1375 4981 in
1399 4932 1443 4980 der
1466 4930 1528 4980 Bibl.
1547 4929 1674 4978 Nationole
1697 4945 1727 4977 su
1747 4927 1825 4978 Paris.

312 4999 375 5046 Rota
399 4998 454 5046 und
478 4998 646 5065 Monogramm
673 4998 732 5048 sind
754 4998 922 5064 beigeuichnet,
951 5007 1035 5050 erstere
1063 5000 1109 5049 mit
1133 5002 1178 5052 der
1204 5002 1340 5068 Umsclrrrfl
1355 4998 1391 5072 -1-
1412 5001 1540 5052 Confirma
1567 5002 1617 5051 hoc
1643 5007 1684 5051 etc.
1708 5001 1764 5050 und
1785 5001 1828 5050 der

152 5066 261 5117 iiblr‘cherr
280 5067 405 5134 Inrchri'st,
424 5071 525 5119 luderes
542 5071 568 5119 ἐκ
586 5070 630 5120 der
645 5071 771 5135 er'nfachm
787 5079 860 5120 tenter
876 5070 995 5121 Mkolaus
1010 5072 1042 5120 II
1054 5073 1163 5123 itbliclrm
1180 5077 1236 5127 Art.

407 5188 492 5195 .——
497 5190 577 5198 -—.--

312 5249 338 5310 α)
357 5247 460 5296 contulit
479 5248 510 5298 B.
595 5249 622 5308 bl
641 5264 717 5299 omne
736 5251 766 5299 B.
852 5251 876 5314 c)
896 5249 992 5313 tuisque
1011 5249 1041 5299 B.
1123 5252 1151 5316 d)
1170 5250 1289 5302 effrenate
1306 5253 1337 5303 B.
1422 5255 1449 5319 e)
1467 5252 1597 5303 Romanae
1616 5254 1646 5303 B.
1720 5253 1740 5316 f)
1759 5253 1826 5302 dicto

153 5317 357 5380 congregationis
379 5318 437 5368 loco
456 5320 486 5368 B.
594 5319 623 5390 g)
633 5321 704 5385 fehlt
729 5322 756 5371 r'n
774 5323 804 5371 Α.
912 5320 940 5387 b)
960 5322 985 5370 in
1011 5321 1062 5370 alio
1087 5322 1144 5389 lege
1169 5325 1301 5389 sacrilegis
1329 5325 1389 5375 stelit
1409 5326 1435 5376 iu
1452 5328 1476 5375 A
1492 5342 1533 5374 am
1552 5326 1644 5385 Raude,
1663 5324 1733 5389 fehlt
1749 5325 1775 5375 in
1794 5325 1824 5375 B.

152 5386 171 5454 i)
190 5389 246 5437 lesu
266 5387 358 5438 Christi
367 5389 436 5454 fehlt
453 5392 478 5440 in
497 5393 526 5443 B.
599 5393 626 5459 lr)
645 5393 745 5442 Nicolai
764 5394 795 5442 B.
1454 5398 1458 5401 “
