3982 6194
166 248 227 331 146

160 439 222 503 hec
252 441 389 521 propriis
419 440 571 504 duximus
600 434 828 528 exprimenda]
860 438 1045 505 vocabulis:
1078 438 1248 505 ecclesiam
1279 438 1368 504 beati
1395 439 1547 504 Nicholai
1581 440 1624 503 de
1645 436 1826 513 Virolente,

162 530 331 592 ecclesiam
368 530 456 591 beati
487 529 620 612 Georgii
652 533 693 594 de
723 532 879 612 Bagnole,
911 533 1082 594 ecclesiam
1112 542 1222 613 sancte
1254 531 1357 593 Marie
1395 532 1436 593 de
1465 530 1615 604 Pulasca‚
1654 528 1827 591 ecclesiam

160 620 262 681 sancti
288 618 455 680 Michaelis
486 618 528 681 de
551 620 715 695 Caraone‚
747 621 918 683 ecclesiam
946 621 1049 683 sancti
1074 615 1169 704 [Petri
1201 620 1243 681 de
1272 618 1372 683 Soaia
1401 639 1475 682 cum
1505 614 1724 702 perltinentiis
1754 617 1826 690 suis,

160 707 331 770 ecclesiam
354 707 456 769 sancti
481 707 602 787 Quirici
627 729 700 771 cum
724 710 857 771 decimis
881 721 913 771 et
936 709 1006 771 aliis
1029 709 1231 790 pertinentiis
1258 709 1331 783 suis,
1364 708 1534 771 ecclesiam
1564 707 1669 771 sancti
1693 705 1825 779 Donati,

162 797 323 859 decimam
353 808 480 876 partem
514 798 711 861 decimarum
746 799 876 861 mercati
909 798 1055 860 eiusdem
1086 798 1233 860 civitatis.
1286 798 1500 860 Decemimus
1532 816 1627 879 erg0,
1667 806 1705 858 ut
1736 792 1824 876 nullli

161 881 307 970 omnin]o
330 885 498 946 hominum
516 886 618 961 liceat,
642 887 803 968 prefatum
819 889 1052 949 monasterium
1067 897 1189 949 temere
1214 935 1220 948 .
1245 935 1252 948 .
1277 935 1283 948 .
1308 887 1418 949 usibus
1434 885 1632 948 omnimodis
1648 883 1824 966 protutura,

160 975 250 1036 salva
272 975 358 1037 sedis
382 975 562 1054 apostolice
586 977 777 1038 auctoritate
793 987 826 1038 et
841 975 1016 1057 Iporiensis
1032 976 1178 1056 episcopi
1196 976 1353 1037 canonica
1377 976 1409 1037 in
1428 980 1455 1056 a)
1476 975 1620 1062 ecclesiis
1637 973 1823 1035 monasterii

162 1063 396 1139 reverentias).
442 1062 477 1125 Si
502 1083 566 1144 qua
582 1065 678 1145 igitur
702 1112 707 1124 .
734 1114 740 1126 .
764 1113 771 1126 .
796 1064 928 1128 Cunctis
944 1075 1053 1127 autem
1077 1112 1084 1124 .
1110 1111 1116 1124 .
1142 1113 1147 1126 .
1172 1065 1344 1126 inveniant.
1385 1062 1504 1127 Amen.
1527 1063 1616 1127 Am.
1640 1061 1763 1124 Amen.
1783 1097 1824 1107 -

372 1152 426 1229 (R)
449 1153 522 1232 Ego
546 1153 739 1216 Anastasius
762 1154 922 1216 catholice
945 1154 1081 1216 ecclesie
1104 1153 1278 1234 episcopus
1300 1173 1341 1215 ss.
1364 1154 1425 1233 (M)

373 1236 392 1320 †
416 1241 488 1321 Ego
511 1242 650 1304 Ymarus
673 1243 876 1306 Tusculanus
899 1244 1074 1323 episcopus
1097 1263 1137 1304 ss.

370 1363 415 1374 -
438 1325 457 1409 †
481 1330 553 1411 Ego
577 1330 752 1412 Gregorius
774 1333 935 1413 presbiter
952 1331 980 1414 b)
1005 1331 1177 1393 cardinalis
1200 1332 1248 1393 tit.
1272 1331 1390 1394 Calixti
1414 1351 1454 1393 ss.
1479 1330 1547 1409 (ιο)

372 1414 392 1499 †
415 1419 488 1498 Ego
512 1420 671 1482 Henricus
694 1422 855 1501 presbiter
877 1421 1049 1484 cardinalis
1072 1421 1120 1482 tit.
1144 1431 1330 1483 sanctorum
1353 1420 1451 1483 Nerei
1475 1429 1508 1481 et
1530 1417 1671 1482 Achillei
1695 1438 1738 1480 sa.

370 1541 415 1550 -
437 1504 457 1589 †
480 1508 553 1588 Ego
576 1509 653 1571 Odo
677 1510 833 1572 diaconus
856 1510 1028 1573 cardinalis
1058 1510 1160 1571 sancti
1183 1509 1313 1592 Georgii
1336 1508 1398 1571 ¹ad
1419 1507 1537 1570 Velum
1562 1526 1694 1570 aureum
1717 1527 1758 1568 ss.
1781 1502 1825 1589 (3)

371 1596 392 1673 †
414 1595 487 1676 Ego
512 1597 589 1659 Odo
614 1599 770 1660 diaconus
791 1598 816 1677 ⁰)
840 1599 943 1660 sancti
967 1597 1119 1661 Nicholai
1144 1599 1176 1660 in
1200 1619 1329 1661 carcere
1352 1598 1502 1660 Tulliano
1525 1618 1566 1659 ss.
1591 1596 1637 1678 (8)

318 1681 394 1745 Dat.
410 1684 571 1759 Laterani,
595 1707 654 1767 per
677 1707 808 1749 manum
824 1687 979 1761 Rolandi,
1002 1698 1113 1765 sancte
1130 1688 1277 1770 Romane
1301 1688 1437 1751 ecclesie
1459 1686 1629 1767 presbiteri
1654 1685 1824 1748 cardinalis

161 1776 193 1831 et
223 1771 415 1834 cancellarii.
468 1785 529 1835 xvl
562 1776 614 1836 Kl.
649 1777 759 1838 Madii.
812 1777 995 1839 indictione
1024 1793 1058 1838 11.
1110 1776 1344 1839 incarnationis
1379 1776 1542 1838 dominice
1572 1794 1659 1836 anno
1692 1785 1824 1836 MCL1111.

159 1857 372 1922 Pontificatus
394 1882 472 1924 vero
497 1862 609 1925 domni
632 1864 798 1927 Anastasii
823 1886 879 1946 pp,
903 1882 953 1925 1111
976 1885 1063 1927 anno
1087 1867 1203 1946 primo.

165 2042 189 2090 ς’
296 1972 364 2090 TOr.
391 1975 445 2038 Cep.
473 1991 532 2026 saec.
551 1976 603 2026 XV
622 1978 678 2026 und
697 1995 756 2028 saec.
782 1978 864 2027 XVII
877 1979 978 2044 (Jveea,
997 1979 1097 2027 Abasrr'a
1120 1979 1147 2026 di
1164 1979 1189 2028 S.
1208 1979 1323 2044 Stefana,
1342 1977 1425 2026 Matre
1445 1980 1457 2025 1
1478 1975 1524 2026 Nr.
1543 1978 1580 2042 8),
1605 1978 1638 2025 im
1663 1976 1779 2026 Archivio
1802 1977 1827 2024 di

160 2077 169 2090 .
188 2050 227 2090 ato
245 2059 273 2090 ru
317 2059 386 2094 terret.

321 2116 389 2181 Ptrg.
407 2116 467 2175 ital,
492 2119 521 2166 br
547 2121 635 2180 0‚585,
663 2122 723 2185 long
740 2123 806 2180 0,65,
833 2128 907 2169 eerrterr
925 2122 1004 2180 0,022
1027 2121 1060 2169 bis
1084 2123 1162 2180 0,031
1192 2121 1386 2184 urrrgeschlugen,
1413 2119 1490 2167 durch
1514 2120 1571 2168 swei
1592 2119 1685 2167 Ltr'cher
1707 2119 1768 2184 ging
1791 2119 1826 2166 die

160 2185 263 2243 Scherur‚
290 2188 375 2236 welche
392 2189 436 2236 mit
459 2190 511 2237 dem
531 2191 654 2256 liler'rr'egel
673 2194 788 2240 verloren.
826 2193 934 2258 Fultreng
951 2193 994 2241 der
1010 2194 1106 2241 Bullen.
1143 2193 1197 2241 Das
1216 2192 1338 2239 Schlrrss-s
1356 2192 1396 2240 des
1419 2191 1570 2239 er'rtleitenderr
1587 2190 1696 2238 illimem
1713 2191 1744 2238 ist
1760 2190 1825 2237 iiber·

156 2257 311 2321 gesehrieherr.
353 2260 508 2326 l'ereroq'ung
525 2263 572 2311 Nr.
593 2267 614 2321 1,
639 2263 671 2310 im
690 2269 768 2311 11‘r0v
786 2264 891 2313 emim.
928 2264 982 2312 Der
1004 2264 1174 2327 Haupthirser
1188 2265 1257 2328 sie‘llt
1280 2280 1331 2311 nur
1349 2279 1413 2325 ganz
1436 2262 1514 2326 wem‘g
1536 2261 1604 2310 mehr
1623 2264 1660 2309 uls
1684 2261 1721 2310 die
1738 2262 1825 2325 lldlfte

159 2329 199 2375 des
220 2330 377 2394 Pergamenis.
415 2334 491 2380 Amen
517 2334 564 2381 h'r.
586 2332 649 2383 Ν,
692 2335 754 2382 h’oto
780 2335 826 2383 ll'r.
849 2340 877 2393 1,
902 2335 1076 2384 Durchrrresser
1099 2337 1185 2393 0,065.
1228 2333 1396 2399 Monogramm
1419 2349 1464 2381 sur
1493 2334 1589 2397 Gmppe
1612 2333 1660 2380 Nr.
1680 2338 1696 2380 4
1721 2333 1823 2397 gehbn'g,

158 2399 217 2447 heth
236 2403 305 2459 0,(17,
324 2402 382 2450 breit
399 2404 485 2460 0‚0.3r.
526 2405 600 2453 L'eber
620 2406 678 2454 Um·
697 2407 752 2454 und
771 2406 934 2471 (r'rrtersrhrr'st
957 2407 1034 2455 nichts
1053 2406 1162 2454 Sr'cheres.
1200 2406 1247 2453 Die
1265 2406 1348 2454 h'rer'se
1371 2406 1415 2454 der
1436 2407 1498 2452 Rota
1520 2404 1716 2468 unregrlrerhssrg,
1741 2404 1824 2468 reveng-

159 2478 221 2519 sterrs
247 2472 369 2521 theilwer'se
393 2491 439 2521 aus
456 2475 538 2537 srer'er
564 2476 644 2524 Hand
661 2477 777 2540 gemacht.
815 2478 863 2527 Die
887 2479 1016 2542 Datirureg
1042 2477 1072 2526 ist
1097 2494 1151 2526 vern
1176 2477 1461 2540 llauptlehrperschrer'her
1486 2475 1642 2541 aresgelie'hrt,
1668 2492 1720 2523 rtur
1742 2476 1824 2523 dusll

160 2544 268 2591 h'olunds
284 2544 340 2591 und
355 2560 420 2593 anno
438 2545 520 2608 primo
538 2564 578 2595 am
597 2548 707 2596 Schlusse
730 2548 775 2597 mit
797 2549 927 2598 durrhlerer
949 2558 1020 2597 rerrtrr
1041 2548 1090 2596 sich
1111 2549 1216 2614 gleicher
1232 2549 1306 2596 Dinte
1325 2548 1481 2599 (verschiedne
1503 2564 1551 2596 verr
1569 2548 1612 2595 der
1628 2548 1669 2594 des
1687 2547 1824 2609 Isbrrserr'pt·

158 2614 298 2680 korrectors)
325 2615 507 2681 nachgetragm.
543 2620 591 2666 Die
610 2619 787 2684 ngmfirrnen
814 2622 897 2669 weism
922 2628 994 2669 unter
1017 2620 1067 2668 sich
1085 2622 1179 2669 dieselhe
1197 2620 1272 2668 Diute
1294 2621 1347 2684 aus]
1375 2619 1440 2668 ruehl
1461 2619 1498 2667 dte
1521 2620 1560 2667 des
1578 2620 1601 2667 R
1626 2619 1669 2666 der
1692 2619 1823 2683 Datinerrg,

159 2686 274 2734 vielleieht
290 2687 348 2734 sind
362 2688 425 2736 auch
442 2690 489 2737 alle
498 2690 553 2754 βαι
584 2706 631 2738 verr
645 2691 748 2756 gleicher
765 2691 845 2740 Iland
855 2692 1009 2757 gesehrr'ehen.

899 2946 965 3021 Nr.
997 2951 1082 3020 138.

160 3071 354 3137 Anastasius
370 3073 430 3137 IV
446 3073 562 3139 mirem!
589 3077 643 3140 elie
668 3075 941 3161 Kollege'atke'rche
964 3077 1064 3141 Santa
1088 3079 1201 3142 Maria
1224 3077 1271 3140 ad
1292 3077 1409 3140 Finem
1433 3076 1492 3158 (D.
1515 3078 1616 3162 Pisa)
1643 3078 1678 3140 in
1706 3086 1824 3161 aposto·

160 3163 282 3226 lischerr
304 3162 420 3228 Schutz
447 3166 515 3228 und
535 3165 684 3249 bestdtegt
706 3168 775 3230 ihre
790 3166 1035 3245 Bese'trthie'rreer,
1057 3169 1164 3248 werfrit
1176 3166 1326 3251 jc‘r'hrlr'ch
1350 3167 1440 3229 sechs
1460 3166 1590 3230 Derrare
1613 3166 1824 3230 Lrecchesisch

664 3277 711 3318 arr
733 3256 789 3318 die
813 3253 918 3319 Kure'e
938 3278 978 3320 zu
1001 3255 1174 3320 eretrr'chterr
1196 3256 1275 3319 sind
1291 3257 1327 3339 ¹).

759 3391 842 3451 1154
856 3389 958 3472 April
970 3392 1025 3453 25.
1067 3390 1218 3453 Lateran.

319 3515 513 3581 Anastasius
536 3522 718 3603 episcopus
746 3543 856 3586 servus
879 3545 1045 3587 servorum
1070 3525 1131 3600 dei,
1155 3524 1281 3586 dilectis
1305 3523 1377 3586 filiis
1401 3524 1564 3605 Ciprian0,
1596 3523 1695 3604 priori
1720 3522 1826 3605 plebis

161 3616 272 3666 sancte
297 3606 407 3680 Marie,
439 3627 502 3688 que
534 3610 651 3672 dicitur
680 3612 721 3673 ad
745 3614 869 3687 Finem,
903 3614 1036 3695 eiusque
1061 3614 1220 3688 iratribus
1251 3625 1318 3675 tam
1351 3613 1556 3694 presentibus
1580 3632 1679 3693 quam
1704 3612 1826 3686 suturis,

161 3693 340 3774 regularem
379 3696 480 3757 vitam
512 3699 675 3778 protessis,
706 3713 744 3761 IN
774 3713 851 3763 PPM.
882 3737 926 3746 -
951 3698 1163 3785 {Apostolici
1201 3703 1431 3764 moderaminis
1461 3702 1633 3783 clementie
1664 3702 1826 3775 convenit,

161 3782 329 3862 religiosos
353 3784 486 3865 diligere
510 3798 542 3848 et
565 3808 676 3850 eorum
700 3789 773 3852 loca
795 3791 850 3872 pia
873 3793 1077 3872 protectione
1094 3793 1227 3853 munire.
1266 3792 1411 3872 Dignum
1432 3811 1573 3872 namque
1589 3797 1621 3852 et
1637 3784 1826 3874 hones[tati]

162 3873 358 3934 conveniens
381 3893 451 3936 esse
475 3877 689 3956 cognoscitur,
711 3874 715 3961 Ι
737 3890 779 3952 ut,
804 3880 858 3961 qui
890 3881 931 3942 ad
962 3882 1169 3943 ecclesiarum
1202 3881 1346 3961 regimen
1379 3880 1536 3961 assumpti
1560 3899 1679 3954 sumus,
1710 3900 1766 3941 eas
1795 3890 1826 3940 et

161 3980 181 4020 a
204 3980 378 4040 pravorum
401 3961 570 4026 hominum
594 3967 738 4047 nequitia
768 3977 916 4031 tueamur
938 3979 971 4032 et
999 3970 1179 4055 apostolice
1210 3969 1296 4031 sedis
1326 3970 1509 4050 patrocinio
1541 3968 1718 4030 foveamus.
1765 3965 1825 4029 Ea·

162 4058 313 4129 propter,
345 4051 453 4113 dilecti
486 4053 519 4114 in
550 4054 684 4116 domino
714 4056 785 4131 filii,
815 4059 929 4120 vestris
960 4059 1049 4121 iustis
1080 4058 1355 4140 postulationibus
1386 4059 1562 4120 clementer
1591 4057 1763 4118 annuimus
1795 4066 1827 4118 et

161 4136 321 4217 prefatam
346 4140 525 4215 ecclesiam,
561 4142 593 4204 in
617 4163 681 4224 qua
705 4144 815 4208 divino
840 4147 1014 4228 mancipati
1038 4149 1115 4211 estis
1140 4148 1308 4229 obsequio,
1341 4148 1401 4209 sub
1433 4147 1522 4209 beati
1545 4146 1630 4208 Petri
1659 4155 1693 4207 et
1716 4155 1827 4208 nostra

161 4228 366 4306 protectione
385 4231 579 4310 suscipimus
602 4243 635 4294 et
658 4236 816 4313 presentis
838 4237 949 4317 scripti
973 4237 1143 4318 privilegio
1168 4237 1414 4299 communimus.
1460 4236 1655 4309 statuentes,
1680 4244 1716 4296 ut
1731 4254 1828 4314 quas·

161 4334 301 4396 cumque
324 4320 556 4397 possessiones,
581 4339 785 4404 quecumque
808 4323 897 4386 bona
919 4326 1035 4387 eadem
1058 4326 1195 4388 ecclesia
1219 4327 1250 4388 in
1266 4327 1499 4407 presentiarum
1522 4325 1603 4386 iuste
1619 4334 1652 4386 et
1667 4324 1826 4385 canonice

160 4404 316 4483 possidet,
341 4417 396 4467 aut
412 4407 443 4467 in
461 4407 602 4470 futurum
619 4413 830 4476 concessione
846 4414 1047 4495 pontificum,
1065 4415 1236 4496 largitione
1252 4436 1363 4496 regum
1379 4415 1429 4477 vel
1445 4414 1639 4496 principum,
1656 4412 1827 4474 oblatione

160 4491 304 4553 fidelium
327 4514 383 4555 seu
408 4495 477 4557 aliis
508 4497 597 4560 iustis
630 4501 737 4563 modis
768 4502 831 4564 deo
863 4505 1008 4584 propitio
1039 4504 1160 4584 poterit
1189 4505 1334 4584 adipisci,
1365 4503 1457 4566 firma
1479 4504 1574 4565 vobis
1596 4502 1779 4582 vestrisque
1798 4501 1828 4578 d)

159 4583 399 4644 successoribus
415 4593 447 4645 et
461 4585 583 4648 illibata
599 4602 821 4668 permaneant.
848 4593 883 4654 In
897 4592 1014 4672 quibus
1027 4591 1087 4654 hec
1099 4593 1239 4673 propriis
1256 4593 1406 4654 duximus
1416 4591 1631 4673 exprimenda
1641 4591 1825 4653 vocabulis:

160 4670 329 4732 ecclesiam
353 4672 506 4735 videlicet
534 4676 574 4737 de
601 4676 723 4738 Peneto
755 4690 788 4741 et
819 4681 973 4762 quicquid
1007 4682 1039 4742 in
1070 4681 1185 4742 eadem
1209 4681 1285 4742 villa
1315 4682 1396 4743 iuste
1427 4682 1556 4753 tenetis,
1588 4679 1762 4742 ecclesiam
1786 4680 1828 4741 de

160 4759 350 4840 Galtiperga
381 4772 413 4822 et
444 4764 667 4843 possessiones
696 4788 776 4846 quas
807 4769 838 4830 in
863 4769 980 4831 eodem
1012 4770 1086 4832 loco
1118 4770 1254 4845 habetis,
1287 4769 1442 4851 quicquid
1474 4770 1506 4831 in
1537 4779 1626 4831 curte
1658 4769 1700 4831 de
1723 4767 1826 4844 Colle,

161 4848 192 4908 in
226 4859 314 4910 curte
345 4852 447 4912 sancti
478 4853 611 4932 Reguli,
646 4855 676 4916 in
709 4854 851 4920 Castello
882 4858 982 4920 veteri
1007 4868 1040 4920 et
1071 4860 1102 4921 in
1132 4871 1221 4921 curte
1251 4859 1396 4921 eiusdem
1429 4858 1540 4932 castri,
1578 4859 1609 4920 in
1634 4857 1770 4919 castello
1794 4868 1829 4920 et

161 4945 249 4999 curte
280 4938 321 4999 de
351 4938 490 5001 Parrana
522 4941 603 5004 iuste
633 4964 671 5005 nc
702 4946 845 5026 legitime
873 4948 1064 5028 possidetis,
1098 4949 1205 5009 eidem
1236 4948 1371 5029 ecclesie
1403 4947 1642 5010 confinnamus.
1690 4946 1828 5009 Terram

161 5047 237 5088 vero
261 5037 294 5088 et
317 5026 569 5092 decimationem
592 5044 802 5108 mortuorum,
835 5038 1056 5112 donationem,
1088 5037 1298 5111 oblationem,
1329 5047 1362 5098 et
1391 5035 1546 5117 quicquid
1570 5035 1706 5116 Opith0,
1738 5036 1828 5121 bone

161 5117 317 5201 memorie
332 5116 466 5178 Pisanus
489 5120 663 5202 episcopus
680 5122 714 5201 ³),
740 5125 974 5188 rationabiliter
987 5127 1083 5189 vobis
1099 5128 1267 5203 concessit,
1291 5147 1351 5207 per
1366 5126 1524 5206 presentis
1538 5125 1649 5206 scripti
1671 5125 1827 5205 paginam

160 5204 360 5267 roboramus.
407 5206 515 5286 Quod,
546 5210 572 5270 si
606 5210 678 5291 quis
710 5214 751 5275 de
782 5215 1128 5278 circumadiacentibus
1159 5216 1312 5296 plebibus
1343 5217 1375 5278 in
1399 5218 1465 5278 vita
1496 5215 1563 5277 sive
1593 5214 1626 5275 in
1654 5225 1761 5276 morte
1785 5214 1827 5275 de

160 5294 226 5357 iure
250 5316 310 5357 suo
335 5296 519 5359 devotionis
544 5298 659 5362 intuitu
682 5302 776 5365 vobis
799 5305 921 5386 aliquid
946 5305 1073 5367 dederit
1102 5326 1158 5367 seu
1182 5317 1317 5386 propter
1346 5305 1537 5385 religionem
1559 5324 1595 5365 se
1618 5303 1661 5364 ad
1686 5303 1826 5365 eandem

317 5494 342 5550 a)
366 5490 415 5537 Vere
434 5490 457 5538 in
475 5490 510 5538 bis
528 5495 665 5542 reverentia
684 5496 736 5558 aeas
749 5498 833 5544 ll'osur
849 5513 895 5545 vert
913 5498 1088 5546 abzver'cherrder
1104 5498 1179 5547 Dinte
1251 5499 1277 5546 b·
1296 5497 1337 5563 pp'
1351 5499 1497 5563 geschrr'rben
1596 5498 1622 5560 c)
1639 5512 1662 5546 es
1679 5496 1741 5545 steht
1758 5496 1824 5561 diag'

159 5556 187 5621 d)
205 5557 283 5605 dovor
299 5562 388 5618 Rome,
415 5562 481 5609 wohl
503 5563 564 5611 eirrrs
582 5572 614 5614 et.
634 5604 639 5609 .
674 5605 685 5610 ..
705 5574 740 5620 ,1)
765 5568 841 5633 Vergl.
870 5570 906 5617 die
935 5569 995 5619 Urk.
1024 5584 1077 5617 vom
1099 5571 1133 5618 23
1160 5570 1291 5632 September
1318 5573 1391 5631 1178,
1416 5571 1463 5620 Nr.
1487 5571 1547 5628 446,
1574 5569 1626 5629 Or„
1652 5569 1685 5616 im
1713 5568 1825 5618 Archivr‘o

158 5629 328 5680 Arrr'a'esrevite
344 5647 373 5679 zer
394 5632 463 5682 Pisa.
538 5636 567 5702 2)
589 5636 678 5700 Opim,
698 5638 802 5702 Bisehcy'
814 5655 861 5687 verr
882 5640 948 5699 Pisa,
972 5642 1076 5689 1039-
1089 5656 1109 5692 r.
1133 5643 1208 5691 totto.
