3974 6188
152 241 193 303 28

152 425 214 486 tuis
239 425 455 505 petitionibus
479 432 673 499 annuentes,
695 423 792 511 beate
815 420 966 505 Agathes
986 418 991 507 1
1012 421 1194 495 ecclesiam,
1218 420 1268 483 cui
1292 420 1357 483 deo
1381 428 1514 483 auctore
1538 420 1692 503 presides,
1723 421 1765 482 ad
1790 422 1841 483 ius

153 522 266 599 sancte
300 514 391 576 sedis
421 513 610 600 apostolice
641 515 870 597 pertinentem,
901 512 943 574 ad
968 511 1138 593 exemplar
1167 510 1281 572 domni
1313 510 1557 592 predecessoris
1588 513 1699 584 nostri,
1730 518 1841 596 sancte

155 602 315 688 memorie
335 605 363 679 a)
393 604 593 666 Pnscflnus
618 624 715 691 pape,
738 605 899 685 presentis
922 599 1079 683 privilegii
1108 599 1299 662 auctoritate
1322 600 1492 662 munimus.
1537 599 1716 663 Statuimus
1747 601 1841 675 eninr,

156 698 199 764 ut,
224 710 437 776 quecumque
461 693 561 767 bona,
590 712 817 774 quascumque
841 692 1066 773 possessiones
1089 698 1196 751 vestra
1219 689 1358 752 ecclesia
1381 691 1413 751 in
1429 691 1570 770 presenti
1586 689 1668 751 iuste
1684 690 1841 770 possidet,

155 782 225 841 sive
257 780 290 842 in
325 781 470 843 futurum
505 784 722 846 concessione
753 780 956 864 pontificum,
987 777 1179 842 liberalitate
1203 779 1395 860 principum,
1426 778 1592 842 oblatione
1623 778 1766 841 fidelium
1791 779 1842 841 vel

156 867 227 930 aliis
250 869 344 931 iustis
369 871 476 933 modis
501 874 626 953 poterit
649 873 796 954 adipisci,
819 870 911 933 firma
934 869 990 932 tibi
1014 870 1144 949 tuisque
1165 868 1405 930 successoribus
1430 876 1463 930 et
1484 867 1605 930 illibata
1621 877 1843 950 permaneant.

156 956 192 1018 ln
218 958 341 1039 quibus
365 958 427 1046 hec
452 963 597 1043 propriis
622 962 777 1025 duximus
801 960 983 1022 nominibus
999 959 1195 1031 annotanda,
1220 957 1391 1020 ecclesiam
1408 958 1556 1021 videlicet
1576 968 1688 1046 sancte
1702 958 1843 1046 Valerie,

157 1048 255 1108 sitam
281 1050 314 1108 in
339 1046 425 1122 loc0,
457 1052 513 1131 qui
539 1051 649 1132 Augia
675 1057 886 1133 nuncupatur,
916 1057 950 1112 et
980 1047 1154 1111 ecclesiam
1185 1047 1287 1109 sancti
1310 1045 1502 1110 Christofori
1534 1048 1577 1110 de
1601 1047 1842 1130 Campomacro

158 1155 233 1197 cum
260 1138 416 1200 omnibus
440 1139 482 1201 ad
503 1159 560 1202 eas
577 1140 820 1221 pertinentibus.
859 1137 946 1200 Nulli
962 1158 1040 1218 ergo
1056 1138 1189 1199 omnino
1205 1135 1373 1198 hominum
1389 1135 1491 1209 liceat,
1516 1138 1654 1200 eandem
1671 1139 1842 1201 ecclesiam

158 1232 286 1287 temere
303 1228 498 1307 perturbare
514 1238 572 1291 aut
587 1231 657 1291 eius
674 1230 897 1312 possessiones
912 1227 1037 1290 auferre
1053 1224 1103 1288 vel
1119 1226 1244 1288 ablatas
1260 1225 1406 1299 retinere,
1432 1228 1576 1289 minuere
1593 1235 1647 1289 aut
1662 1231 1843 1291 temerariis

158 1315 395 1378 vexationibus
420 1315 568 1398 fatigare,
591 1321 651 1381 sed
676 1320 787 1381 omnia
811 1321 935 1399 integra
958 1324 1190 1378 conserventur
1213 1335 1335 1389 eorum,
1360 1336 1420 1396 pro
1445 1333 1583 1395 quorum
1606 1318 1843 1380 sustentatione

160 1410 192 1464 et
225 1404 470 1484 gubernatione
502 1427 660 1471 concessa
692 1416 782 1483 sunt,
817 1407 928 1470 usibus
959 1405 1158 1467 omnimodis
1189 1404 1365 1485 profutura.
1420 1404 1653 1468 Constituimus
1685 1415 1844 1488 preterea,

160 1499 195 1552 ut
216 1491 245 1566 b)
286 1502 404 1574 quarta
435 1517 511 1576 pars
544 1498 730 1560 reddituum
762 1506 943 1559 vestrorum
977 1497 1008 1557 in
1041 1516 1115 1556 usus
1147 1493 1314 1575 hospitum
1348 1496 1566 1575 expendatur,
1597 1495 1841 1558 xenodochium

160 1587 273 1643 autem
299 1585 332 1644 in
356 1592 465 1647 vestra
490 1593 657 1667 potestate
679 1593 879 1669 permaneat.
926 1582 1079 1647 Obeunte
1102 1592 1144 1658 te,
1169 1603 1253 1645 nunc
1276 1585 1344 1645 eius
1362 1583 1425 1645 loci
1441 1587 1620 1666 preposito,
1644 1585 1696 1648 vel
1711 1591 1841 1647 tuorum

162 1669 318 1748 quolibet
346 1693 584 1750 successorum,
617 1676 721 1739 nullus
746 1677 789 1738 ibi
814 1673 957 1755 qualibet
980 1673 1199 1755 subreptionis
1230 1675 1349 1735 astutia
1380 1693 1436 1735 seu
1460 1674 1609 1736 violentia
1632 1684 1843 1756 preponatur,

161 1759 222 1819 nisi
256 1779 357 1838 quem
388 1763 503 1826 fratres
534 1769 700 1827 communi
731 1785 889 1827 consensu
912 1763 963 1825 vel
994 1763 1127 1824 fratrum
1158 1783 1232 1843 pars
1263 1762 1389 1825 consilii
1420 1764 1554 1825 sanioris
1585 1765 1763 1826 secundum
1789 1765 1843 1825 dei

162 1847 320 1912 timorem
346 1852 539 1934 regulariter
563 1855 731 1936 elegerint,
763 1874 822 1916 nec
846 1856 907 1936 ipsi
936 1873 1014 1914 vero
1045 1872 1105 1913 nec
1137 1851 1230 1913 alicui
1262 1851 1324 1913 loci
1356 1853 1423 1914 eius
1455 1853 1598 1915 ministro
1629 1853 1764 1916 facultas
1791 1856 1843 1928 sit,

163 1936 304 2024 ecclesie
335 1940 426 2005 bona
458 1944 489 2005 in
521 1943 654 2007 feudum
687 1944 840 2006 militibus
873 1942 923 2005 vel
954 1941 1118 2022 aliquibus
1149 1943 1297 2021 personis
1324 1941 1522 2004 secularibus
1546 1944 1712 2025 impertiri.
1758 1943 1843 2007 Con-

162 2030 368 2091 secratioues
402 2032 624 2107 ecclesiarum,
657 2034 879 2096 ordinationes
909 2032 1101 2094 clericorum
1132 2030 1174 2092 ab
1205 2031 1385 2112 episcopis,
1425 2033 1456 2092 in
1488 2052 1625 2112 quorum
1657 2032 1844 2095 diocesibus

163 2123 273 2201 vestre
297 2129 375 2181 sunt
399 2121 544 2209 ecclesie,
568 2124 745 2204 accipietis
770 2123 930 2201 siquidem
954 2118 1105 2183 catholici
1126 2120 1243 2182 fuerint
1258 2128 1291 2182 et
1307 2122 1444 2201 gratiam
1461 2129 1561 2201 atque
1576 2124 1843 2185 communionem

164 2206 351 2295 apostolice
376 2212 465 2273 sedis
488 2210 660 2275 habuerint
688 2221 720 2274 et
751 2213 777 2273 si
809 2231 864 2273 eas
895 2211 993 2292 gratis
1023 2229 1060 2271 ac
1090 2211 1161 2272 sine
1193 2211 1353 2290 pravitate
1377 2209 1537 2272 voluerint
1567 2210 1739 2285 exhibere;
1763 2212 1843 2274 alias

165 2291 263 2355 liceat
296 2299 402 2376 vobis,
433 2300 650 2375 catholicum,
681 2321 778 2380 quern
803 2301 979 2373 volueritis,
1010 2300 1101 2361 adire
1129 2299 1331 2381 episcopum,
1363 2307 1397 2361 et
1428 2299 1470 2361 ab
1504 2320 1544 2363 eo
1577 2301 1736 2364 eiusmodi
1766 2322 1844 2364 con·

165 2387 389 2451 sectationum
421 2399 627 2453 sacramenta
657 2391 829 2471 suscipere.
885 2389 938 2452 De
969 2397 1079 2450 cetero
1110 2387 1228 2449 nullam
1261 2390 1436 2470 episcopus
1466 2390 1497 2450 in
1530 2390 1677 2471 predicta
1707 2391 1845 2455 ecclesia

166 2480 371 2553 potestatem
392 2487 548 2543 exerceat
567 2500 674 2560 neque
696 2479 1000 2542 excommunicandi
1018 2497 1124 2557 neque
1139 2478 1353 2540 interdicendi
1370 2486 1425 2540 aut
1441 2478 1482 2539 ad
1499 2479 1662 2558 synodum
1678 2481 1845 2542 iudiciaria

167 2571 337 2645 potestate
360 2570 509 2643 vocandi,
542 2589 582 2631 eo
607 2570 755 2631 nimirum
779 2577 894 2630 tenore
916 2575 1053 2639 servato,
1083 2575 1118 2628 ut
1141 2585 1255 2628 omues
1278 2566 1413 2653 ecclesie
1444 2569 1545 2649 ipsius
1568 2568 1676 2631 clerici
1707 2570 1736 2631 in
1768 2570 1844 2632 loco

167 2654 241 2735 ipso
267 2657 508 2737 professionem
533 2658 669 2733 faciant,
702 2659 836 2741 proprio
868 2679 933 2719 nou
958 2666 1087 2718 utantur
1110 2665 1143 2719 et
1166 2656 1254 2718 omni
1278 2658 1343 2741 vite
1365 2676 1422 2740 sue
1445 2666 1595 2738 tempore
1611 2658 1672 2720 sub
1688 2659 1844 2740 regularis

166 2743 232 2829 vite
256 2745 462 2811 districtione
493 2755 715 2830 permaneant,
746 2748 831 2809 unde
861 2749 959 2809 etiam
993 2745 1199 2826 temporibus
1223 2746 1485 2826 competentibus
1521 2756 1630 2827 preter
1660 2748 1842 2811 emulorum

167 2835 466 2900 contradictionem
490 2838 531 2900 ad
555 2839 706 2916 synaxim
731 2835 970 2910 celebrandam,
1000 2837 1061 2896 nisi
1084 2835 1243 2916 generalis
1266 2835 1450 2897 interdictio
1474 2834 1576 2910 fuerit,
1600 2836 1691 2918 signa
1714 2838 1843 2918 pulsare

168 2928 201 2983 et
232 2933 408 2989 consuetas
439 2928 665 3009 processiones
704 2926 871 2988 celebrare
902 2926 1121 2987 concedimus.
1176 2922 1383 3005 Sepulturam
1415 2943 1548 3003 quoque
1585 2925 1646 2987 loci
1687 2927 1842 3000 eiusdem,

168 3014 303 3074 remotis
327 3016 511 3078 emulorum
540 3015 849 3098 perturbationibus,
878 3014 1013 3076 liberam
1049 3033 1121 3075 esse
1152 3013 1366 3086 decernimus,
1398 3021 1441 3087 ut,
1471 3014 1512 3075 ab
1545 3015 1632 3077 omni
1656 3018 1843 3096 gravamine

169 3101 335 3190 mundane
367 3105 590 3187 oppressionis
621 3104 745 3177 remoti,
778 3103 807 3165 in
838 3112 949 3188 sancte
972 3102 1136 3183 religionis
1167 3102 1399 3164 observatione
1430 3106 1530 3184 quieti
1564 3113 1597 3166 et
1634 3104 1737 3167 seduli
1770 3125 1842 3188 per·

170 3200 351 3268 manentes
382 3194 458 3257 nulli
483 3194 545 3269 alii,
570 3196 630 3256 nisi
653 3194 801 3279 Romane
826 3201 859 3254 et
882 3191 1063 3277 apostolice
1086 3192 1166 3264 sedi,
1199 3193 1289 3253 cuius
1322 3193 1398 3253 iuris
1422 3195 1508 3267 estis,
1539 3193 1647 3272 aliqua
1670 3195 1842 3257 teneamini

169 3281 344 3345 occasione
374 3284 521 3346 subiecti.
576 3284 610 3346 Si
641 3303 706 3362 qua
734 3283 831 3364 igitur
863 3284 895 3343 in
925 3282 1067 3343 futurum
1100 3279 1317 3344 ecclesiastica
1344 3280 1539 3344 secularisve
1578 3302 1728 3364 persona,
1759 3282 1842 3347 hanc

169 3380 280 3457 nostre
312 3373 549 3436 constitutionis
581 3374 734 3454 paginam
764 3373 878 3445 scienS,
908 3379 1020 3434 contra
1051 3390 1122 3432 eam
1147 3379 1270 3432 temere
1301 3373 1410 3433 venire
1441 3372 1657 3453 temptaverit,
1695 3375 1842 3436 secundo

169 3462 309 3524 tertiove
340 3464 558 3535 commonita,
590 3463 616 3524 si
648 3482 713 3523 nou
744 3459 966 3523 satisfactione
997 3480 1141 3540 congrua
1174 3460 1406 3533 emendaverit,
1438 3463 1612 3543 potestatis
1643 3460 1841 3542 honorisque

168 3552 216 3613 sui
241 3551 398 3632 dignitate
422 3560 539 3626 careat,
562 3570 718 3631 reamque
741 3570 777 3612 se
792 3551 902 3612 divino
923 3550 1043 3611 iudicio
1060 3550 1199 3611 existere
1215 3549 1257 3610 de
1274 3556 1462 3630 perpetrata
1478 3551 1646 3631 iniquitate
1663 3561 1842 3632 cognoscat

169 3650 202 3703 et
225 3660 244 3702 a
267 3642 487 3704 sacratissimo
512 3659 651 3723 corpore
681 3659 718 3702 ac
741 3640 897 3720 sanguine
928 3641 981 3701 dei
1013 3647 1046 3701 et
1078 3638 1210 3711 domini,
1242 3639 1460 3720 redemptoris
1492 3641 1593 3702 nostri
1618 3639 1689 3702 Iesu
1714 3640 1841 3715 Christi,

168 3731 272 3793 aliena
295 3730 362 3807 fiat,
384 3740 485 3812 atque
507 3731 537 3792 in
561 3737 711 3792 extremo
736 3728 885 3791 examine
909 3729 1055 3813 districte
1079 3726 1192 3790 ultioni
1216 3727 1392 3790 subiaceat.
1439 3727 1571 3791 Cunctis
1591 3737 1709 3802 autem,
1734 3730 1840 3791 eidem

170 3819 306 3906 ecclesie
331 3822 414 3884 iusta
437 3814 664 3903 servanltibus,
696 3818 736 3879 sit
768 3838 835 3899 pax
858 3817 981 3880 domini
1005 3817 1106 3879 nostri
1128 3815 1201 3879 lesu
1225 3815 1352 3891 Christi,
1383 3825 1543 3898 quatenus
1568 3826 1601 3880 et
1624 3817 1678 3879 hic
1701 3817 1840 3882 fructum

169 3909 257 3995 bone
288 3911 426 3973 actionis
458 3908 639 3992 percipiant
669 3917 702 3970 et
734 3907 823 3989 apud
853 3907 1034 3969 districtum
1066 3907 1206 3969 iudicem
1243 3909 1369 3988 premia
1400 3915 1509 3994 eterne
1546 3909 1638 3990 pacis
1669 3908 1841 3971 inveniant.

170 3997 288 4063 Amen.
312 3999 431 4064 Amen.
453 3999 572 4062 Amen.
595 4032 640 4042 —

330 4089 386 4168 (R)
410 4089 483 4170 Ego
506 4086 654 4152 Calixtus
678 4083 836 4171 catholice
860 4085 997 4148 ecclesie
1020 4087 1198 4168 episcopus
1221 4105 1261 4146 55.
1287 4082 1349 4162 (M)

329 4179 403 4260 Ego
428 4177 520 4241 Cono
543 4176 750 4239 Prenestinus
774 4177 950 4257 episcopus
973 4195 1014 4236 ss

329 4303 373 4313 -
396 4265 415 4351 †
439 4265 512 4348 Ego
537 4264 712 4346 Gregorius
736 4264 908 4327 cardinalis
931 4265 1034 4327 sancti
1057 4262 1221 4325 Laurentii
1237 4282 1279 4324 ss.

329 4354 348 4440 †
372 4357 445 4439 Ego
469 4357 637 4418 Romanus
662 4355 818 4417 diaconus
841 4353 1010 4417 cardinalis
1032 4359 1144 4438 sancte
1168 4350 1269 4437 Marie
1293 4352 1325 4412 in
1349 4352 1478 4413 Porticu
1501 4371 1543 4412 55.

328 4443 348 4529 †
372 4444 445 4528 Ego
470 4444 625 4508 Girardus
648 4444 806 4507 diaconus
830 4443 1001 4506 cardinalis
1024 4450 1135 4527 sancte
1158 4442 1259 4527 Lucie
1281 4460 1322 4502 ss.

328 4536 403 4599 Dat
426 4535 533 4598 Rome
561 4535 649 4615 apud
681 4541 829 4597 sanctum
862 4534 1008 4607 Petrum,
1042 4552 1101 4613 per
1134 4550 1264 4593 manum
1295 4530 1512 4602 GRISOGONI,
1553 4536 1664 4614 sancte
1694 4528 1842 4611 Romane

169 4624 307 4710 ecclesie
330 4626 460 4688 diaconi
485 4623 653 4685 cardinalis
675 4644 714 4686 ac
730 4620 977 4685 bibliothecarii.
1016 4634 1091 4684 xvll
1108 4619 1179 4683 Kal.
1196 4619 1280 4681 Maii.
1318 4618 1500 4680 lndictione
1517 4630 1572 4679 1111.
1610 4618 1842 4680 Incarnationis

169 4714 331 4801 dominice
354 4735 439 4777 anno
462 4709 635 4796 1161111111
685 4711 895 4777 Pontificatus
918 4721 1028 4774 autem
1052 4712 1164 4773 domni
1190 4708 1335 4771 CAL1XT1
1358 4708 1490 4770 secundi
1514 4708 1571 4770 ΡΡ.
1595 4727 1680 4768 anno
1704 4722 1764 4769 1111.

331 4830 372 4878 Or.
392 4830 435 4877 der
456 4828 581 4877 Collectrbn
600 4827 704 4876 rifarbr'os
721 4843 768 4876 von
788 4827 909 4885 Mailand,
927 4826 1062 4892 arrgekaust
1079 4825 1157 4873 durclr
1175 4825 1258 4871 Hrrrn
1284 4822 1487 4886 erlmersdu‘rsrr
1504 4829 1545 4870 etc.
1565 4823 1590 4869 in
1609 4821 1741 4870 rlfitrrrlren.

331 4902 399 4966 Perg.
419 4901 479 4959 irat,
505 4901 540 4948 bn
561 4902 647 4960 (1424,
672 4901 732 4964 lang
749 4902 799 4958 (),6,
828 4907 902 4947 untrrr
920 4901 999 4957 (hoff
1023 4897 1211 4962 umgrsclrlagen,
1237 4894 1314 4942 durch
1332 4895 1349 4943 3
1367 4894 1459 4942 Liicher
1477 4893 1534 4958 gell
1555 4893 1604 4940 einr
1627 4910 1681 4941 rosa
1704 4894 1759 4941 und
1776 4895 1842 4958 gelbr

169 4972 357 5032 Sridensclrmrr,
383 4974 453 5022 deren
471 4972 595 5037 Blrr'sr'cgel
615 4973 730 5020 verloren.
770 4971 876 5035 Faltrmg
898 4971 942 5018 der
959 4971 1054 5017 Bullcn.
1095 4967 1203 5016 lnitr'alr:
1230 4967 1329 5014 betorites
1352 4966 1519 5029 drppcllr'ru‘gcs
1539 4965 1559 5013 C
1579 4965 1622 5012 urit
1645 4964 1700 5012 drci
1717 4966 1841 5014 Ausbuch·

167 5051 258 5110 tungrn
283 5045 345 5093 nach
373 5046 445 5094 r'mun
472 5045 524 5106 aus
546 5044 589 5092 der
613 5043 792 5107 Er'nbuclrlung.
844 5043 999 5105 Vererurgurrg
1023 5041 1102 5104 wrnr'g
1128 5038 1318 5104 len’orgelmbcrc
1363 5037 1508 5099 Komcripl:
1535 5036 1573 5084 die
1604 5035 1843 5103 Ucbrrgangssclmst

171 5114 280 5163 Calirt's.
311 5116 454 5166 Zer'lrrrwritr
472 5131 492 5164 c.
511 5117 595 5175 0,(114.
635 5115 697 5163 Drri
714 5116 794 5163 Amen
813 5114 936 5161 schlicssrn
960 5113 997 5161 dr'e
1018 5114 1081 5161 lente
1100 5109 1166 5159 Zeilr.
1205 5113 1266 5158 Rota
1286 5110 1332 5160 Nr.
1355 5113 1392 5168 4⁸,
1413 5107 1588 5156 lrurchrusser
1605 5124 1625 5154 c.
1646 5111 1715 5167 0,.51,
1734 5124 1782 5156 von
1800 5110 1842 5156 der

168 5187 248 5236 lemen
267 5187 328 5237 Zer'lr
346 5189 433 5249 0,032,
456 5203 504 5234 von
528 5187 570 5233 der
587 5187 666 5234 linkrn
694 5186 774 5234 Kame
792 5187 862 5246 0,06,
888 5200 942 5232 vom
968 5182 1149 5248 allanogramrne
1166 5185 1253 5240 (1202,
1278 5197 1325 5229 von
1350 5181 1393 5229 der
1411 5180 1538 5244 Datimng
1563 5181 1632 5237 O,l3.
1672 5178 1841 5245 lflonogramm

168 5258 215 5309 Nr.
235 5258 275 5317 ὀί,
293 5258 353 5309 brcr't
370 5261 438 5319 0,05,
456 5258 514 5307 hort
533 5260 618 5318 (1,Οό5,
638 5274 686 5306 von
710 5258 767 5306 oben
790 5258 877 5315 0,032,
903 5271 952 5304 von
969 5255 1012 5304 der
1029 5255 1122 5304 rechten
1141 5255 1222 5303 li'untr
1240 5256 1328 5312 uoto.
1365 5253 1507 5317 h’r'rtgkrrm,
1529 5251 1589 5300 Um·
1606 5251 1661 5298 und
1679 5250 1843 5316 Urrlcrsclrrijt

168 5330 248 5380 Hand
263 5331 318 5380 und
333 5331 408 5380 Dirrte
418 5332 472 5396 fir'r
489 5330 546 5378 sich.
583 5329 631 5377 Die
651 5329 831 5395 Zeugrnfirmrrr
847 5327 925 5392 zrigrrr
935 5328 964 5392 jc
983 5327 1032 5375 rr'nr
1050 5327 1138 5375 andere
1155 5326 1239 5385 Hand,
1262 5326 1325 5374 c'ono
1343 5333 1415 5375 untcr
1436 5323 1516 5394 tblrrt
1530 5322 1633 5372 stehrnd.

328 5512 353 5574 a)
373 5525 440 5559 mern
458 5524 504 5557 nur
523 5509 589 5558 Rom
609 5506 719 5572 crrn'girr
790 5506 817 5570 b)
836 5512 861 5556 ut
880 5506 956 5556 durch
976 5506 1109 5555 lr'orrcclur
1125 5506 1255 5570 hrrgestellt
