3982 6194
911 427 977 502 Nr.
1009 432 1070 502 26.

156 556 327 621 Paschalr's
343 555 388 618 ΙΙ
406 555 556 637 bestcitzgt
578 556 652 619 dem
668 556 748 620 Abte
774 557 945 638 Gottsrz'ed
962 581 1023 623 von
1056 558 1211 623 Venddme
1234 559 1292 640 (D.
1322 556 1492 642 Chartres)
1516 557 1571 621 die
1593 556 1829 620 Besitztlui'mer

155 647 225 711 und
243 645 361 709 Rechte
380 646 483 708 seines
506 645 589 709 Rom
615 646 751 730 speziell
771 650 987 712 unterstellten
1013 648 1174 728 Klosters,
1204 649 1317 728 woflc'r
1328 647 1478 730 jiihrlr'clt
1502 650 1546 709 12
1573 643 1680 711 Solidi
1699 668 1743 710 an
1767 646 1829 710 den

625 736 930 801 Lateranensisclten
945 739 1062 802 Palast
1074 760 1114 803 au
1130 737 1244 802 zahlen
1260 737 1344 801 sind.

767 856 852 916 1102
868 854 965 919 Meirz
980 858 1029 919 11.
1060 856 1215 919 Lateran.

315 983 479 1048 Paschalis
502 986 688 1069 episcopus,
717 1007 829 1051 servus
853 1009 1021 1053 servorum
1045 990 1106 1064 dei,
1139 989 1262 1052 dilecto
1285 987 1349 1051 filio
1375 985 1542 1061 Goffredo,
1573 984 1829 1049 Vindocinensis

155 1076 342 1138 monasterii
366 1072 487 1149 abbati,
520 1076 655 1154 eiusque
682 1079 926 1141 successoribus
950 1080 1140 1162 regulariter
1162 1077 1405 1152 substituendis,
1428 1079 1460 1139 in
1485 1083 1690 1158 perpetuum.
1737 1075 1830 1138 Sicut

154 1166 270 1227 iniusta
310 1162 521 1246 poscentibus
556 1164 662 1228 nullus
698 1175 749 1229 est
789 1168 981 1231 tribuendus
1017 1169 1166 1244 effectus,
1213 1168 1257 1230 sic
1295 1167 1438 1248 legitima
1472 1165 1724 1228 desiderantium
1764 1184 1829 1227 non

155 1262 205 1318 est
236 1253 417 1316 differenda
449 1255 574 1334 petitio.
620 1256 697 1318 Tuis
730 1258 844 1338 igitur,
877 1257 922 1320 fili
955 1261 987 1321 in
1022 1257 1151 1321 Christo
1187 1255 1376 1320 charissime
1412 1253 1581 1329 Goffrede,
1614 1253 1830 1336 petitionibus

155 1351 343 1417 annuentes,
365 1341 606 1406 Vindocinense
630 1345 835 1420 coenobium,
868 1350 919 1410 cui
944 1349 1008 1410 deo
1032 1354 1166 1410 auctore
1194 1348 1226 1409 in
1249 1347 1403 1409 abbatem
1436 1363 1589 1425 praeesse
1618 1343 1830 1425 dignosceris,

155 1435 336 1517 praesentis
367 1432 490 1495 decreti
522 1435 717 1497 auctoritate
747 1438 917 1500 munimus
965 1434 1064 1518 Quod
1095 1436 1249 1499 videlicet
1278 1435 1474 1498 coenobium
1505 1431 1689 1508 Gofi'redus,
1722 1431 1831 1495 bonae

157 1522 340 1595 memoriae,
364 1520 612 1604 Andegavensis
635 1543 747 1586 comes
766 1522 799 1609 ¹),
824 1532 857 1588 et
873 1524 998 1608 Agnes,
1021 1527 1232 1591 Pictaviensis
1249 1524 1415 1587 comitissa
1432 1520 1464 1606 ’),
1489 1524 1521 1585 in
1538 1524 1605 1585 iure
1622 1542 1682 1585 suo
1696 1529 1829 1604 sumptu

155 1633 215 1675 suo
240 1632 301 1694 pro
324 1613 503 1674 animarum
527 1632 656 1675 suarum
680 1613 784 1676 salute
808 1623 1030 1678 constructum
1048 1614 1085 1695 ³),
1109 1634 1256 1677 summae
1272 1635 1310 1676 ac
1325 1614 1510 1675 individuae
1530 1611 1681 1674 trinitatis
1697 1612 1831 1673 nomine

156 1708 380 1765 consecratum
404 1699 503 1763 beato
528 1702 634 1776 Petro,
666 1703 894 1784 apostolorum
928 1705 1072 1788 principi,
1102 1714 1136 1767 et
1158 1712 1291 1766 sanctae
1323 1703 1389 1766 eius
1411 1703 1583 1765 Romanae
1616 1699 1775 1764 ecclesiae
1798 1701 1830 1762 in

156 1791 300 1854 alodium
333 1792 502 1873 proprium
533 1791 729 1854 obtulerunt.
784 1795 828 1856 Et
857 1815 917 1856 nos
947 1794 1057 1874 itaque
1093 1794 1273 1856 secundum
1313 1792 1603 1875 praedecessorum
1644 1797 1830 1851 nostrorum

156 1879 356 1963 apostolicae
389 1881 584 1955 memoriae,
615 1878 764 1963 Gregorii
795 1883 927 1966 septimi
958 1893 991 1946 et
1022 1883 1146 1947 Urbani
1178 1882 1321 1959 secundi,
1351 1881 1578 1944 auctoritatem
1608 1878 1830 1963 praelatorum

157 1970 314 2033 comitum
337 1975 450 2031 votum
475 1978 508 2031 et
531 1968 733 2034 oblationem
757 1971 932 2049 firmantes,
965 1974 1148 2054 praefatum
1173 1973 1405 2035 monasterium
1429 1970 1491 2032 sub
1516 1968 1722 2053 protectione
1744 1968 1831 2030 sedis

156 2058 358 2142 apostolicae
381 2058 568 2139 specialiter
590 2080 783 2142 permanere
806 2069 840 2124 et
855 2063 897 2124 ab
915 2064 1004 2126 omni
1020 2063 1096 2145 iugo
1113 2063 1246 2125 aliarum
1263 2080 1475 2145 personarum
1497 2061 1640 2122 immune
1657 2058 1832 2140 persistere

158 2168 309 2211 mansuro
332 2147 362 2208 in
386 2155 581 2229 perpetuum
606 2150 741 2213 decreto
764 2153 939 2214 sancimus.
985 2154 1047 2216 Per
1070 2153 1251 2235 praesentis
1276 2151 1371 2233 igitur
1394 2148 1555 2231 privilegii
1579 2147 1732 2238 paginam
1752 2167 1832 2229 apo-

157 2238 273 2300 stolica
304 2238 498 2300 auctoritate
527 2241 707 2314 statuimus
741 2249 784 2316 ut,
816 2261 1073 2322 quaecunquea
1103 2241 1280 2324 praedictis
1312 2238 1485 2302 comitibus
1516 2237 1674 2300 ecclesiae
1704 2244 1832 2299 vestrae

157 2326 270 2389 oblata
294 2334 326 2388 et
349 2328 640 2408 praedecessorum
664 2338 849 2392 nostrorum
880 2331 1053 2413 privilegiis
1087 2330 1278 2394 confirmata
1310 2336 1392 2404 sunt,
1422 2337 1456 2390 et
1486 2344 1700 2408 quaecunque
1730 2324 1831 2388 hodie

157 2415 243 2478 idem
268 2416 466 2478 coenobium
490 2417 648 2499 possidet,
671 2421 740 2481 sive
763 2420 794 2480 in
820 2418 960 2482 futurum
985 2421 1194 2483 concessione
1210 2417 1409 2501 pontificum,
1433 2415 1630 2479 liberalitate
1646 2416 1829 2498 principum

158 2504 209 2567 vel
226 2503 392 2567 oblatione
409 2504 553 2568 fidelium
569 2508 747 2570 animarum
772 2508 939 2588 quaelibet
955 2510 1076 2592 poterit
1091 2510 1238 2591 adipisci,
1262 2508 1354 2570 firma
1370 2507 1427 2569 tibi
1442 2507 1573 2587 tuisque
1588 2503 1830 2568 successoribus

158 2602 192 2657 et
221 2593 341 2656 illibata
372 2603 593 2676 permaneant.
645 2595 681 2658 ln
713 2598 830 2675 quibus
861 2596 943 2661 haec
981 2601 1123 2681 propriis
1153 2600 1222 2661 visa
1258 2605 1333 2659 sunt
1371 2595 1586 2678 exprimenda
1626 2594 1828 2657 nominibus:

158 2681 294 2746 ecclesia
317 2685 421 2747 sancti
445 2683 578 2766 Georgii
605 2687 636 2747 in
662 2684 815 2749 Oleronis
844 2687 948 2750 insula
977 2709 1050 2751 cum
1083 2709 1200 2770 magna
1233 2695 1326 2770 parte
1358 2686 1504 2749 eiusdem
1527 2684 1661 2759 insulae,
1692 2681 1830 2747 ecclesia

158 2773 276 2835 beatae
301 2773 423 2835 Mariae
446 2776 489 2836 de
512 2771 680 2856 Surgeriis,
703 2777 841 2839 ecclesia
863 2777 965 2840 sancti
982 2775 1129 2859 Sepulcri
1153 2777 1196 2839 de
1211 2776 1436 2859 Balgenciaco,
1460 2774 1598 2837 ecclesia
1614 2773 1656 2835 de
1672 2771 1830 2847 Andreio,

159 2861 298 2924 ecclesia
323 2864 426 2925 sancti
450 2863 623 2938 Saturnini,
654 2884 738 2946 quae
769 2874 819 2928 est
848 2886 947 2950 super
970 2866 1123 2948 Ligerim,
1154 2866 1293 2929 ecclesia
1323 2866 1426 2927 sancti
1449 2863 1578 2926 Nicolai
1611 2863 1654 2925 de
1678 2860 1830 2937 Olerone,

159 2950 296 3015 ecclesia
318 2954 422 3014 sancti
446 2953 530 3015 Petri
554 2954 596 3016 de
621 2953 735 3016 Monte
766 2954 867 3030 foleti,
900 2964 934 3018 et
965 2956 1121 3035 quicquid
1145 2954 1311 3018 Robertus
1332 2954 1383 3024 de
1407 2953 1522 3016 Monte
1546 2952 1681 3015 Contrio
1704 2950 1831 3013 Vindo-

159 3040 283 3103 cinensi
305 3041 466 3104 coenobio
489 3044 626 3106 donavit
648 3052 682 3106 et
704 3043 772 3106 eius
795 3044 877 3107 filius
899 3044 1121 3107 Berthrandus
1144 3047 1187 3108 de
1210 3064 1270 3107 suo
1300 3045 1368 3107 iure
1391 3043 1564 3105 consensit.
1610 3040 1831 3123 Praecipimus

160 3131 269 3204 etiam,
299 3138 335 3191 ut
364 3133 468 3194 sancti
491 3129 668 3195 Salvatoris
696 3133 785 3196 iuxta
808 3133 998 3217 Andegavis
1029 3155 1139 3197 muros
1172 3133 1311 3197 ecclesia
1339 3141 1448 3196 vestro
1481 3130 1644 3194 coenobio
1674 3138 1829 3209 tanquam

160 3221 257 3304 capiti
282 3220 466 3284 membrum
490 3242 622 3304 semper
643 3221 828 3299 adhaereat,
861 3232 894 3287 et
924 3225 993 3286 eius
1026 3226 1173 3286 universa
1196 3223 1369 3306 dispositio
1401 3222 1431 3282 in
1459 3229 1515 3284 tua
1537 3229 1737 3299 tuorumque
1759 3239 1830 3282 suc·

159 3329 325 3372 cessorum
358 3331 454 3372 manu
487 3311 613 3392 absque
643 3313 776 3375 alicuius
809 3313 1066 3376 contradictione
1096 3315 1258 3395 persistat.
1314 3312 1528 3374 Decernimus
1559 3330 1653 3392 ergo,
1685 3315 1721 3371 ut
1751 3307 1830 3371 nulli

160 3399 291 3461 omnino
314 3397 482 3461 hominum
505 3399 610 3476 liceat,
641 3402 823 3483 praelatum
848 3403 1044 3465 coenobium
1068 3411 1192 3466 temere
1216 3402 1406 3485 perturbare
1434 3408 1489 3462 aut
1511 3401 1580 3462 eius
1604 3400 1830 3481 possessiones

159 3487 296 3551 aufferre
325 3488 379 3551 vel
409 3489 536 3552 ablatas
564 3491 711 3568 retinere,
745 3493 890 3554 minuere
920 3491 972 3554 vel
1003 3493 1181 3555 temerariis
1203 3491 1432 3554 vexationibus
1460 3488 1603 3570 fatigare,
1633 3487 1692 3550 sed
1724 3487 1831 3550 omnia

159 3579 285 3659 integra
315 3586 549 3641 conserventur
580 3599 702 3655 eorum,
733 3602 794 3663 pro
824 3601 961 3662 quorum
985 3583 1223 3644 sustentatione
1247 3589 1280 3643 et
1302 3579 1536 3663 gubernatione
1568 3596 1724 3640 concessa
1746 3584 1831 3652 sunt,

160 3666 269 3730 usibus
303 3668 498 3731 omnimodis
530 3668 709 3750 profutura.
766 3671 937 3733 Praeterea
971 3671 1158 3746 statuimus,
1200 3679 1236 3733 ut
1270 3669 1531 3751 Andegavensis,
1566 3667 1765 3730 Pictavensis
1800 3674 1833 3728 et

159 3756 411 3820 Vindocinensis
449 3759 586 3820 comites
624 3760 712 3821 omni
742 3767 893 3843 tempore
929 3761 995 3822 sint
1028 3759 1218 3823 defensores
1257 3767 1290 3823 et
1319 3759 1484 3822 adiutores
1517 3756 1664 3819 eiusdem
1695 3756 1759 3819 loci
1789 3756 1831 3818 ad

159 3845 320 3910 honorem
352 3846 552 3929 apostolicae
583 3848 678 3911 sedis.
732 3849 775 3910 Et
804 3851 830 3911 si
862 3849 933 3928 quis
964 3858 1076 3912 contra
1113 3849 1220 3912 locum
1252 3849 1343 3911 illum
1374 3846 1558 3909 molestiam
1590 3846 1655 3908 litis
1686 3865 1748 3927 pro
1778 3845 1834 3915 alis

161 3936 279 4017 quibus
310 3936 408 4000 rebus
442 3936 560 3999 inferre
578 3937 747 4019 voluerit,
785 3937 966 4001 nullatenus
997 3940 1210 4014 consentiant,
1248 3946 1422 4016 antequam
1461 3934 1679 4017 apostolicam
1718 3934 1832 3997 sedem

160 4026 345 4100 consulant,
384 4027 460 4106 quia
492 4026 647 4107 quicquid
677 4027 746 4089 sine
776 4027 894 4091 iudicio
924 4036 980 4090 aut
1010 4047 1169 4090 consensu
1205 4035 1318 4090 nostro
1351 4018 1523 4109 pervasum
1554 4024 1607 4088 vel
1640 4025 1832 4087 distractum

161 4114 259 4177 luerit
288 4114 420 4177 alicuius
442 4115 571 4191 iudicio,
594 4117 718 4178 irritum
743 4116 811 4191 erit,
840 4136 901 4180 nec
932 4137 1045 4180 eorum
1078 4116 1215 4198 quilibet
1244 4116 1387 4198 aliquam
1419 4116 1625 4177 exactionem
1656 4113 1723 4175 sive
1755 4132 1832 4176 con·

160 4204 367 4267 suetudinem
382 4203 635 4268 Vindocinensis
652 4208 839 4269 monasterii
863 4207 961 4269 rebus
977 4206 1103 4281 inferat,
1128 4226 1189 4268 nec
1206 4207 1237 4267 in
1254 4205 1299 4268 eis
1315 4204 1438 4284 aliquid
1455 4203 1629 4267 vendicare
1645 4210 1834 4284 praesumat

161 4300 292 4375 praeter
314 4294 528 4376 patrocinium
552 4294 668 4369 solum,
692 4296 782 4374 quod
807 4297 853 4359 eis
876 4296 918 4358 ad
941 4295 1102 4359 honorem
1126 4294 1327 4378 apostolicae
1351 4295 1440 4356 sedis
1461 4292 1618 4357 exhibere
1634 4293 1833 4375 promissum

161 4390 221 4445 est.
276 4381 430 4446 Obeunte
461 4390 494 4445 te
523 4383 575 4446 vel
605 4391 737 4447 tuorum
768 4384 918 4464 quolibet
949 4404 1191 4459 successorum,
1223 4384 1329 4446 nullus
1360 4384 1406 4446 ibi
1438 4381 1584 4464 qualibet
1614 4381 1834 4464 subreptionis

161 4474 280 4535 astutia
302 4471 354 4535 vel
378 4473 530 4536 violentia
553 4481 782 4556 praeponatur,
806 4475 865 4536 nisi
889 4495 987 4556 quem
1012 4474 1125 4536 iratres
1149 4475 1314 4536 communi
1338 4492 1498 4535 consensu
1522 4471 1573 4534 vel
1598 4471 1733 4534 fratrum
1757 4490 1834 4551 pars

161 4562 284 4624 consilii
307 4562 443 4624 sanioris
466 4564 646 4626 secundum
670 4563 724 4626 dei
746 4565 896 4626 timorem
914 4571 948 4625 et
967 4563 1054 4626 beati
1070 4564 1239 4626 Benedicti
1255 4562 1401 4645 regulam
1417 4563 1621 4625 decreverint
1637 4560 1835 4642 eligendum,

162 4671 227 4713 non
252 4659 360 4714 tamen
385 4653 455 4714 sine
478 4653 574 4715 trium
598 4651 756 4716 abbatum
780 4652 926 4728 consilio,
956 4673 1040 4733 quos
1068 4653 1283 4735 religiosiores
1307 4655 1340 4715 in
1363 4652 1474 4716 vicinis
1505 4651 1679 4733 provinciis
1710 4648 1834 4712 habere

162 4744 346 4824 contigerit.
386 4741 517 4805 Electus
541 4750 650 4804 autem
674 4743 777 4805 abbas
793 4763 812 4804 a
829 4740 1019 4805 Carnotensi
1035 4743 1061 4820 ⁴)
1086 4745 1245 4825 episcopo
1269 4743 1491 4816 benedicatur,
1515 4741 1604 4803 omni
1629 4738 1836 4820 professione

161 4832 213 4895 vel
237 4830 407 4895 cuiuslibet
429 4833 474 4894 rei
498 4833 669 4894 exactione
693 4831 854 4914 deposita,
877 4833 902 4893 si
925 4840 1036 4895 tamen
1060 4833 1147 4894 idem
1172 4834 1349 4915 episcopus
1365 4831 1630 4894 communionem
1647 4837 1680 4892 et
1694 4829 1835 4910 gratiam

162 4920 472 5005 apostolicaesedis
495 4920 654 4995 habuerit,
683 4928 716 4982 et
738 4923 765 4983 si
789 4921 1026 4984 ordinationem
1052 4923 1157 5003 ipsam
1188 4921 1291 5004 gratia
1322 4942 1360 4983 ac
1390 4922 1460 4983 sine
1484 4921 1645 5002 pravitate
1678 4917 1836 4981 exhibere

161 5013 309 5087 voluerit,
333 5011 478 5090 alioquin
503 5013 545 5073 ad
569 5012 753 5073 Romanum
778 5010 969 5093 pontificem
992 5020 1166 5074 renovatur
1185 5014 1223 5090 ³).
1263 5011 1433 5074 Praeterea
1457 5009 1684 5091 praecipimus,
1708 5014 1835 5070 uttam

161 5103 192 5165 in
215 5101 450 5164 Vindocinensi
483 5100 573 5174 loco,
605 5119 703 5180 quam
734 5103 764 5162 in
800 5101 966 5180 praedicta
996 5121 1090 5164 secus
1121 5101 1328 5183 Andegavim
1356 5101 1460 5161 sancti
1490 5096 1668 5161 Salvatoris
1699 5096 1838 5160 ecclesia

161 5194 230 5255 sine
247 5191 386 5253 Romani
403 5189 565 5270 pontificis
580 5187 708 5251 licentia
724 5189 802 5252 nulli
820 5192 979 5273 episcopo
995 5190 1102 5266 liceat,
1126 5197 1324 5273 potestatem
1344 5188 1485 5268 aliquam
1502 5196 1558 5250 aut
1574 5188 1836 5249 dominationem

162 5299 316 5346 exercere
340 5286 395 5343 aut
423 5280 710 5342 excommunicare
737 5299 794 5342 seu
818 5281 1021 5355 interdicere,
1046 5282 1173 5343 etiamsi
1197 5279 1282 5343 sorte
1306 5278 1491 5360 contigerit,
1521 5276 1755 5340 Carnotensem
1780 5283 1838 5339 aut

322 5504 349 5566 a)
367 5502 526 5552 removetur?
546 5504 697 5552 recurratur?
708 5542 760 5548 -
775 5503 811 5567 .1)
834 5503 955 5568 Gottfricd
963 5503 999 5563 II,
1018 5499 1167 5567 regiercnder
1186 5500 1256 5565 Graj
1268 5515 1316 5549 von
1334 5500 1423 5565 Anjou‚
1445 5500 1629 5549 toro-10⁶0.
1703 5500 1730 5562 2)
1749 5498 1836 5564 Agmr,

167 5575 267 5628 Tochter
291 5574 344 5625 otro
375 5573 501 5623 Wilhelms
523 5589 570 5622 von
594 5575 720 5640 Burgund
739 5574 794 5622 und
822 5574 915 5624 Wittwe
938 5575 977 5624 des
1003 5574 1099 5639 Grafen
1124 5572 1237 5621 Willrelm
1262 5572 1285 5620 V
1303 5588 1352 5621 von
1369 5568 1522 5636 Aqra'tam'en,
1546 5569 1591 5619 seit
1610 5569 1677 5621 1032
1710 5569 1838 5620 Gemahlin

167 5647 298 5714 Goty'rieds
316 5647 350 5698 la
460 5648 487 5713 3)
508 5646 584 5696 1032.
657 5651 684 5713 4)
707 5647 827 5697 chartres.
