3982 6194
929 444 996 520 Nr.
1031 447 1089 521 11.

163 597 329 665 Nikolaus
345 598 391 663 II
402 596 553 680 bestdtigt
574 596 648 661 dem
671 594 751 660 Abte
768 595 899 661 Roland
919 594 1389 750 qqurolltlontmajour·lrz-Arles
1410 596 1465 661 die
1480 598 1722 664 Besitztlrrimer
1744 602 1848 667 seines

992 707 1010 751 s
1023 708 1086 751 ers.

889 822 971 883 1061
987 820 1064 884 Mai
1077 823 1128 885 13.

326 956 485 1021 Nicolans
500 955 685 1038 episcopus,
704 975 815 1018 servus
837 975 1005 1019 servorum
1030 956 1091 1032 dei,
1115 955 1279 1030 Rolando,
1300 954 1477 1018 venerabili
1494 956 1618 1033 abbati,
1642 967 1676 1021 et
1691 980 1751 1040 per
1772 981 1848 1024 eum

164 1046 369 1112 monasterio
399 1055 531 1109 sanctae
555 1044 679 1108 Mariae
712 1054 745 1108 et
767 1045 871 1108 sancti
893 1045 980 1108 Petri
1004 1046 1037 1108 in
1061 1044 1177 1108 Monte
1201 1044 1328 1119 Maiori,
1359 1045 1491 1126 suisque
1520 1049 1770 1125 successoribus,
1802 1050 1847 1113 ibi

163 1137 358 1220 regulariter
378 1134 627 1216 promovendis,
659 1134 691 1196 in
724 1144 928 1216 perpetuum
976 1133 1127 1198 Creditae
1150 1133 1383 1216 speculationis
1414 1133 1612 1216 impellimur
1641 1158 1717 1200 cura
1748 1139 1848 1202 etiarn

164 1227 284 1291 ardore
308 1225 504 1289 christianae
523 1223 689 1305 religionis
708 1233 741 1286 et
760 1223 870 1287 studio
887 1223 986 1286 divini
1002 1223 1107 1288 cultus
1123 1243 1352 1306 permovemur
1367 1243 1428 1305 pro
1448 1225 1684 1289 venerabilium
1700 1227 1848 1291 locomm

164 1317 375 1400 percogitare
395 1313 575 1378 stabilitate
605 1323 706 1394 atque
729 1313 793 1376 deo
816 1313 1025 1377 servientium
1048 1314 1229 1388 securitate,
1263 1322 1297 1375 ut
1320 1313 1385 1375 hoc
1409 1314 1622 1394 proveniente
1651 1317 1708 1397 pio
1733 1317 1847 1382 labore

164 1418 199 1470 et
221 1406 354 1469 animae
376 1403 506 1469 Christo
530 1402 667 1477 dicatae,
696 1421 781 1483 quae
803 1423 839 1465 se
861 1402 927 1465 illic
951 1402 1176 1466 diebusvitae
1200 1421 1313 1466 eorum
1335 1402 1511 1466 serviturae
1535 1403 1744 1483 devenerunt,
1775 1426 1846 1488 per·

164 1505 318 1560 severent
340 1493 596 1576 imperturbatae
627 1511 689 1555 nec
718 1512 785 1555 non
817 1491 871 1554 illa
900 1501 1055 1556 maneant
1085 1492 1150 1555 fine
1182 1501 1276 1554 tenus
1306 1490 1415 1565 firma,
1448 1512 1533 1573 quae
1557 1513 1577 1555 a
1599 1492 1790 1559 Christianis
1813 1497 1846 1558 in

165 1585 218 1649 dei
242 1583 343 1648 laude
366 1582 545 1647 constituta
567 1590 651 1644 sunt
696 1581 805 1663 Igitur,
830 1581 907 1663 quia
929 1581 1041 1663 petisti
1065 1602 1085 1645 a
1107 1581 1213 1657 nobis
1238 1580 1404 1644 carissime
1428 1579 1482 1656 fili,
1516 1592 1551 1645 ut
1574 1603 1634 1664 per
1656 1586 1758 1647 nostri
1782 1587 1845 1666 pri-

164 1675 274 1756 vilegii
298 1673 456 1757 paginam
478 1681 554 1734 tuae
577 1670 734 1734 ecclesiae
757 1680 791 1733 et
812 1671 872 1734 tibi
903 1671 1032 1752 tuisque
1055 1670 1296 1734 successoribus
1319 1670 1553 1752 perpetualiter
1580 1672 1847 1738 confirmaremus

165 1764 287 1839 omnia,
312 1782 398 1845 quae
421 1759 589 1843 praefatae
612 1760 769 1824 ecclesiae
792 1760 875 1823 iuste
898 1769 932 1823 et
955 1760 1103 1842 legaliter
1125 1768 1327 1842 competunt,
1357 1760 1558 1841 suggestioni
1582 1771 1658 1826 tuae
1681 1773 1848 1844 gratanter

164 1861 357 1928 annuentes,
380 1871 441 1934 per
462 1849 556 1914 huius
572 1858 704 1912 nostrae
727 1849 970 1913 constitutionis
986 1850 1153 1914 decretum
1169 1860 1202 1913 et
1218 1848 1420 1930 apostolicae
1435 1848 1522 1912 sedis
1545 1849 1679 1915 liberale
1702 1853 1846 1916 edictum

164 1942 380 2007 concedimus
402 1950 435 2003 et
458 1938 689 2003 confirmamus
711 1939 782 2015 tibi,
806 1939 890 2003 sicut
912 1960 1011 2021 supra
1033 1938 1159 2022 legitur,
1191 1939 1320 2020 tuisque
1343 1939 1585 2003 successoribus
1608 1940 1731 2004 ibidem
1755 1963 1845 2024 regu·

153 2033 273 2096 {ariter
302 2029 559 2114 promovendis,
593 2029 626 2091 in
658 2037 855 2111 perpetuum
886 2029 1042 2110 quicquid
1073 2029 1325 2110 praenominato
1356 2028 1555 2092 monasterio
1585 2031 1742 2112 pertinet,
1777 2042 1845 2095 tam

163 2142 249 2204 quae
281 2122 316 2184 in
347 2119 605 2203 praesentiarum
639 2118 798 2200 possidet,
834 2138 934 2199 quam
964 2137 1046 2199 quae
1078 2119 1112 2181 in
1143 2118 1249 2181 futuro
1279 2117 1508 2198 qualicumque
1540 2118 1643 2183 modo
1672 2120 1789 2184 divinis
1813 2131 1847 2185 et

161 2211 315 2275 humanis
337 2210 466 2292 legibus
488 2207 660 2289 adquirere
690 2207 822 2290 poterit,
853 2207 991 2270 scilicet:
1023 2208 1131 2290 ipsum
1153 2206 1385 2271 monasterium
1413 2226 1487 2269 curn
1517 2209 1673 2273 omnibus
1692 2210 1790 2273 rebus
1813 2222 1847 2274 et

163 2299 431 2383 possessionibus
453 2297 519 2362 suis
534 2317 573 2360 ac
596 2297 800 2379 pertinentiis
822 2296 1002 2360 mobilibus
1020 2307 1055 2361 et
1076 2297 1301 2360 immobilibus
1323 2315 1460 2377 seseque
1483 2298 1699 2375 moventibus,
1722 2301 1844 2376 castris,

162 2390 254 2466 casis,
279 2388 373 2465 villis,
396 2387 578 2463 territoriis,
611 2386 756 2450 ecclesiis
789 2406 862 2449 cum
885 2386 1036 2469 primitiis
1059 2397 1093 2450 et
1116 2386 1390 2450 decimationibus
1413 2395 1544 2448 etcum
1567 2388 1729 2463 omnibus,
1760 2408 1844 2470 quae

161 2481 191 2543 ei
214 2480 273 2562 pia
287 2477 423 2542 devotio
446 2476 591 2541 fidelium
613 2476 712 2539 sacris
735 2474 855 2539 obtulit
877 2475 929 2538 vel
951 2476 1125 2540 contulerit
1148 2475 1380 2550 oblationibus,
1404 2484 1472 2537 tarn
1488 2494 1548 2556 pro
1569 2476 1674 2540 salute
1696 2479 1844 2541 vivorum

163 2588 329 2651 quamque
359 2568 460 2630 etiam
490 2575 702 2630 mortuorum.
746 2562 934 2629 Statuentes
966 2586 1026 2648 per
1054 2565 1149 2629 huius
1179 2576 1311 2629 nostrae
1334 2563 1537 2646 apostolicae
1566 2566 1669 2643 sedis,
1703 2567 1754 2631 cui
1779 2567 1842 2631 deo

162 2658 300 2722 authore
323 2656 555 2739 praesidemus,
578 2654 811 2718 authoritatem
828 2664 861 2717 et
880 2654 982 2718 nostri
1006 2655 1104 2718 edicti
1128 2654 1353 2718 inviolabilem
1376 2655 1655 2733 constitutionem,
1679 2665 1715 2719 ut
1737 2656 1842 2720 nullus

164 2750 240 2824 dux,
264 2747 421 2822 marchio,
445 2764 567 2820 comes,
591 2745 784 2820 vicecomes,
818 2754 875 2807 aut
898 2744 963 2807 alia
983 2764 1106 2826 magna
1127 2764 1295 2826 parvaque
1318 2764 1460 2825 persona
1483 2744 1715 2826 cuiuscumque
1739 2746 1842 2828 digni-

163 2838 239 2901 tatis
261 2836 314 2899 vel
338 2835 462 2899 ordinis
485 2844 600 2898 contra
622 2833 687 2897 hoc
707 2843 854 2897 nostrum
876 2832 1082 2915 privilegium
1104 2844 1293 2916 praesumat
1315 2832 1507 2896 iamdictum
1529 2835 1764 2898 monasterium
1787 2844 1843 2899 aut

164 2938 205 3003 te,
227 2926 418 2989 charissime
440 2923 495 3000 fili,
530 2933 670 3005 tuosque
693 2923 726 2985 in
749 2932 944 3005 perpetuum
974 2943 1177 2987 successores
1200 2923 1241 2986 de
1265 2922 1362 2986 bonis
1386 2922 1554 2986 disvestire
1578 2933 1634 2987 aut
1661 2924 1841 3005 inquietare

165 3027 218 3080 aut
241 3014 367 3097 aliquid
390 3014 436 3077 ibi
460 3022 575 3077 contra
588 3032 700 3076 sacros
722 3032 865 3075 canones
888 3012 1085 3075 constituere
1107 3012 1160 3076 vel
1176 3013 1336 3075 ordinare.
1382 3011 1417 3075 Si
1436 3012 1508 3093 quis
1531 3013 1636 3095 igitur,
1660 3013 1750 3094 quod
1773 3034 1840 3076 non

166 3117 328 3187 optamus,
351 3112 466 3166 contra
487 3101 552 3166 hoc
575 3113 723 3166 nostrum
746 3101 951 3183 privilegium
973 3102 1083 3164 venire
1106 3102 1288 3177 tentaverit,
1312 3110 1346 3165 et
1367 3101 1461 3164 sicuti
1485 3112 1635 3166 anostra
1658 3104 1842 3185 apostolica

166 3194 364 3258 authoritate
381 3200 597 3274 praeceptum
621 3201 654 3254 et
676 3191 926 3254 corroboratum
949 3200 1007 3267 est,
1031 3210 1223 3272 permanere
1246 3210 1314 3254 non
1336 3190 1503 3267 dimiserit,
1534 3192 1624 3267 sciat,
1648 3212 1684 3255 se
1707 3191 1840 3256 anathe-

167 3285 260 3348 matis
288 3281 422 3346 vinculo
452 3281 695 3356 innodandum,
731 3281 791 3343 nisi
820 3279 904 3343 forte
934 3280 1105 3362 resipuerit
1134 3281 1299 3362 digneque
1328 3279 1529 3344 satisfecerit.
1576 3279 1640 3361 Qui
1671 3301 1749 3344 vero
1782 3282 1839 3364 pio

168 3373 280 3437 intuitu
305 3371 500 3435 observator
522 3372 555 3433 in
579 3370 732 3434 omnibus
754 3369 907 3445 extiterit,
939 3370 1127 3433 custodiens
1150 3369 1244 3432 huius
1267 3369 1369 3432 nostri
1393 3369 1552 3452 privilegii
1578 3371 1763 3447 constituta,
1796 3371 1839 3434 ad

168 3463 285 3526 cultum
304 3461 356 3524 dei
372 3459 584 3542 respicientis,
608 3459 848 3523 benedictionis
869 3459 1009 3541 gratiam
1024 3480 1045 3522 a
1061 3458 1362 3523 misericordissimo
1382 3459 1519 3523 domino
1541 3458 1606 3522 deo
1622 3471 1841 3542 consequatur

168 3562 198 3616 et
217 3552 306 3614 vitae
330 3559 483 3613 aeternae
504 3550 670 3633 particeps
693 3557 863 3612 mereatur.
1469 3634 1521 3721 Μ)

323 3729 448 3791 Datum
478 3749 539 3811 per
568 3747 683 3791 manus
713 3727 885 3802 Bernardi,
921 3735 1053 3789 sanctae
1076 3727 1284 3790 Prenestinac
1315 3727 1472 3792 ecclesiae
1494 3728 1653 3810 episcopi.
1685 3729 1839 3794 vNonas

170 3820 277 3882 Maias.
317 3818 419 3880 Anno
443 3818 485 3881 ab
509 3817 734 3883 incarnatione
758 3816 881 3879 domini
906 3829 1004 3878 MLXI.
1049 3815 1150 3879 Anno
1174 3816 1270 3879 tertio
1294 3817 1504 3898 pontificatus
1528 3818 1656 3881 Nicolai
1680 3839 1788 3900 papae
1804 3834 1837 3882 11.

168 3906 347 3972 Indictione
370 3921 456 3970 xlm.

321 4020 446 4085 aelbschrrst
462 4020 502 4069 des
520 4018 576 4069 MS.
594 4021 638 4070 lat.
658 4019 742 4068 13915
752 4020 803 4085 sol.
822 4020 865 4078 97,
883 4018 910 4067 r'n
927 4018 971 4068 der
989 4018 1051 4069 Br'bl.
1069 4018 1198 4069 Nationale
1214 4035 1244 4068 eu
1265 4019 1343 4070 Paris.

166 4164 269 4228 mm
284 4087 502 4214 de'sl‘rlllluil·
513 4088 674 4214 qdjtipqqpi‘ce
692 4097 746 4140 cette
759 4087 830 4201 ᾗτε,
848 4097 883 4140 est
899 4086 961 4140 dtt
977 4090 1067 4140 Claude
1088 4092 1231 4154 Charetelou,
1246 4089 1325 4156 prtia
1343 4092 1413 4142 dela
1435 4088 1608 4160 Corgrigatr'on
1627 4093 1654 4143 de
1672 4092 1801 4144 „it-,llam
1817 4099 1839 4144 ct

919 4448 986 4525 Nr.
1019 4451 1078 4525 12.

166 4603 344 4668 Alexander
374 4601 418 4666 Il
450 4600 599 4685 bestdtigt
635 4602 710 4666 dem
743 4599 974 4753 Kapiteleoq
991 4599 1226 4753 taetre-Darne
1255 4609 1287 4663 et
1316 4599 1440 4665 „st-Pol
1473 4601 1514 4665 de
1545 4601 1706 4676 Besancon
1749 4599 1835 4666 serite

912 4711 991 4753 esra
1048 4710 1125 4753 mer.

780 4826 863 4888 1069
878 4822 981 4906 April
992 4825 1043 4886 13.
1074 4822 1223 4886 Lateran.

316 4960 509 5024 Alexander
524 4961 708 5042 episcopus,
731 4980 842 5023 servus
857 4980 1024 5023 servorum
1041 4958 1102 5034 dei,
1126 4957 1302 5033 Vuicard0,
1327 4958 1453 5021 decano
1475 4954 1684 5042 canoni(c)ae
1700 4971 1834 5025 sanctae

165 5051 282 5114 Mariae
313 5059 348 5114 et
370 5050 474 5113 sancti
501 5049 606 5125 Pauli,
636 5049 774 5112 Bisontii
807 5050 950 5131 positae,
982 5048 1183 5128 caeterisque
1214 5047 1380 5111 canonicis
1409 5058 1602 5129 perpetuam
1633 5048 1666 5111 in
1698 5049 1834 5116 domino

163 5140 305 5204 salutem.
360 5139 498 5219 Quoties
529 5159 549 5201 a
578 5138 675 5203 nobis
705 5148 872 5219 petuntur,
904 5159 987 5220 quae
1018 5159 1038 5200 a
1060 5137 1190 5200 tramite
1219 5136 1511 5200 ecclesiasticarum
1530 5139 1561 5216 ²)
1594 5137 1834 5204 institutionum

162 5249 222 5293 non
247 5230 446 5310 discrepant,
469 5239 626 5310 prompta
649 5228 783 5291 caritate
806 5227 966 5292 debemus
988 5227 1067 5292 talia
1089 5226 1303 5308 poscentibus
1318 5237 1466 5290 nostrum
1482 5227 1641 5308 praebere
1657 5248 1833 5307 assensum,

162 5330 191 5382 et
212 5330 247 5383 ut
270 5318 366 5382 firma
389 5328 423 5381 et
446 5318 602 5381 inviolata
624 5317 810 5400 perdurent,
842 5317 961 5381 favoris
984 5317 1086 5382 nostri
1116 5324 1284 5399 gratanter
1315 5316 1473 5400 impertiri
1503 5315 1700 5399 suffragium.
1746 5319 1833 5401 Qua-

161 5418 301 5491 propter,
326 5406 527 5470 dilectissimi
551 5406 616 5484 filii,
648 5407 806 5489 quoniam
828 5407 1004 5471 humilimis
1028 5407 1180 5490 precibus
1202 5417 1349 5470 nostram
1372 5405 1629 5471 misericordiam
1653 5406 1832 5490 flagitastis,

161 5509 317 5579 quatenus
338 5497 543 5579 praedictam
566 5497 760 5561 canonicam
781 5507 932 5573 vestram,
963 5497 1025 5559 sub
1048 5496 1150 5559 tutela
1177 5497 1382 5578 apostolicae
1413 5495 1612 5562 defensionis
1644 5506 1832 5578 susceptam

163 5629 347 5638 ——-.-.--

316 5671 342 5736 a)
362 5671 470 5721 eclesiae
490 5673 521 5722 B.

1586 5767 1601 5805 2
1610 5751 1625 5786 e
