3974 6188
165 298 224 357 118

161 483 296 545 celerem
311 483 463 546 sortiatur
477 483 636 548 effectum.
674 484 868 567 Eapropter,
892 485 1001 551 dilecti
1018 487 1051 549 in
1067 485 1203 549 domino
1219 486 1285 560 filii,
1307 487 1422 549 vestris
1439 486 1529 549 iustis
1544 484 1826 567 postulationibus

160 571 335 634 clementer
365 574 543 649 annuimus,
575 584 608 636 et
638 575 876 656 predecessoris
906 577 1016 651 nostri,
1048 576 1149 639 felicis
1179 577 1336 639 memorie
1358 573 1522 638 Paschalis
1552 595 1649 657 pape,
1680 573 1826 655 vestigiis

160 660 350 736 inherentes,
378 663 576 744 precipimus
606 673 639 726 et
667 666 825 745 presentis
858 665 978 728 decreti
1010 667 1203 729 auctoritate
1225 666 1402 739 sancimus,
1437 684 1477 727 ne
1510 664 1663 745 cuiquam
1687 663 1824 726 omnino

160 768 314 830 persone,
346 751 476 828 clerico,
510 751 682 829 monach0,
713 753 797 816 laico
829 755 1060 836 cuiuscumque
1092 754 1214 818 ordinis
1244 765 1300 817 aut
1332 753 1501 834 dignitatis
1529 752 1737 834 presentibus
1770 761 1827 814 aut

160 837 272 900 futuris
302 841 504 921 temporibus
533 842 637 917 liceat,
670 844 941 925 congregationes
971 845 1042 907 illas
1066 854 1099 907 et
1122 844 1195 906 loca
1218 843 1281 919 illa,
1314 863 1378 924 que
1401 841 1583 905 Camaldoli
1607 842 1732 905 heremi
1755 842 1825 904 sive

160 927 287 989 cenobii
308 928 513 1011 disciplinam
535 941 569 994 et
591 932 739 994 ordinem
755 943 973 1013 susceperunt,
998 953 1126 1014 queque
1142 933 1242 995 hodie
1257 932 1318 996 sub
1335 932 1418 994 illius
1434 932 1590 1014 regimine
1606 932 1824 1006 continentur,

159 1013 201 1076 ab
225 1016 292 1078 eius
315 1017 381 1079 ullo
405 1020 506 1082 modo
529 1020 731 1083 subiectione
754 1032 787 1084 et
810 1023 933 1085 unitate
957 1021 1110 1085 dividere.
1158 1022 1231 1102 Que
1246 1022 1399 1085 videlicet
1414 1020 1487 1083 loca
1502 1031 1536 1083 et
1551 1021 1825 1102 congregationes

159 1106 380 1168 conservande
402 1109 534 1172 unitatis
562 1111 667 1190 gratia
695 1110 911 1192 singularibus
933 1112 1003 1173 visa
1025 1122 1100 1174 sunt
1121 1111 1290 1174 vocabulis
1320 1110 1525 1172 annotanda:
1565 1111 1597 1171 in
1628 1110 1824 1190 episcopatu

158 1190 286 1256 Arctini
317 1198 549 1260 monasterium
580 1200 683 1261 sancti
713 1198 891 1263 Salvatoris
920 1200 1232 1282 Berardinghorum,
1267 1201 1371 1263 sancti
1399 1200 1485 1261 Petri
1518 1199 1550 1261 in
1581 1199 1679 1274 Rota,
1711 1207 1824 1260 sancte

160 1282 260 1344 Marie
291 1284 323 1346 in
354 1285 557 1368 Anagnan0,
589 1289 692 1351 sancti
725 1287 849 1369 Quirici
879 1291 912 1352 in
941 1291 1046 1366 Rosa,
1077 1290 1245 1352 heremum
1265 1288 1293 1373 ²)
1324 1289 1425 1364 Fleri,
1456 1287 1688 1350 monasterium
1719 1287 1823 1349 saneti

159 1372 286 1449 Virani,
325 1375 426 1437 sancti
450 1375 671 1440 Bartholomei
703 1378 736 1441 in
758 1377 913 1459 Anglare,
945 1380 1035 1442 iuxta
1056 1378 1219 1441 Valneum
1251 1378 1484 1441 monasterium
1514 1388 1627 1439 sancte
1655 1377 1758 1438 Marie
1791 1376 1822 1437 in

158 1461 278 1537 Trivio,
310 1463 343 1525 in
366 1463 517 1528 Ghaliata
545 1468 780 1530 monasterium
802 1476 914 1531 sancte
938 1470 1040 1531 Marie
1064 1469 1096 1530 in
1120 1467 1244 1544 Insula;
1275 1468 1307 1529 in
1331 1468 1524 1547 episcopatu
1547 1464 1823 1528 Montisferetrani

159 1552 389 1614 monasterium
419 1556 540 1617 montis
562 1556 727 1634 Herculis;
763 1557 796 1619 in
826 1558 1020 1640 episcopatu
1043 1557 1375 1639 Forumpompiliensi
1400 1555 1563 1636 hospitale
1585 1554 1757 1631 Almeriei;
1791 1555 1822 1615 in

158 1639 350 1722 episcopatu
372 1643 594 1707 Pensauriensi
618 1647 850 1708 monasterium
873 1649 976 1709 sancti
1000 1647 1151 1722 Dicentii,
1184 1647 1351 1709 heremum
1372 1645 1400 1721 ²)
1423 1644 1541 1718 Faioli3
1573 1643 1606 1705 in
1629 1644 1824 1725 episcopatu

158 1728 357 1793 Bononiensi
381 1734 611 1796 monasterium
635 1737 739 1797 sancti
759 1733 967 1816 Archangeli,
989 1736 1079 1799 iuxta
1100 1743 1241 1798 castrum
1258 1736 1353 1797 Britti
1371 1730 1401 1817 b)
1423 1734 1526 1795 sancti
1542 1731 1677 1810 Felicis;
1700 1733 1734 1794 in
1757 1733 1822 1813 epi-

158 1825 292 1900 scopatu
308 1820 497 1884 Florentino
514 1826 745 1887 monasterium
765 1825 868 1887 sancti
884 1826 969 1888 Petri
987 1827 1019 1887 in
1034 1827 1135 1901 Luco,
1159 1825 1263 1887 sancti
1278 1821 1457 1886 Salvatoris
1473 1824 1564 1884 iuxta
1578 1822 1761 1897 civitatem;
1791 1822 1823 1883 in

158 1908 348 1989 episcopatu
364 1911 526 1974 Fesulano
543 1914 776 1976 monasterium
792 1925 903 1977 sancte
920 1916 1023 1977 Marie
1038 1915 1070 1977 in
1086 1915 1233 1995 Poplena
1248 1924 1282 1976 et
1297 1912 1467 1976 ecclesiam
1483 1920 1595 1974 sancte
1611 1910 1823 1993 Margharite;

158 1996 190 2058 in
213 1998 405 2081 episcopatu
420 2001 600 2065 Vulterano
624 2004 857 2066 monasterium
879 2005 981 2066 sancti
998 2005 1083 2066 Petri
1103 2005 1137 2066 in
1152 2004 1325 2077 Fontiano,
1348 2010 1461 2064 sancte
1478 2001 1580 2063 Marie
1596 2000 1629 2062 in
1645 2000 1822 2073 Pulieiano,

157 2088 258 2150 sancti
282 2088 367 2150 Petri
389 2089 422 2151 in
446 2089 588 2167 Cerreto‚
611 2093 715 2155 sancti
739 2093 816 2155 Iusti
839 2112 945 2174 prope
969 2094 1150 2169 civitatem;
1181 2093 1213 2154 in
1237 2092 1431 2173 episcopatu
1447 2090 1565 2152 Pisano
1589 2089 1824 2151 monasterium

157 2186 268 2239 sancte
297 2176 400 2240 Marie
432 2179 473 2241 de
497 2181 662 2258 Morrona,
694 2183 927 2246 monasterium
956 2183 1059 2245 sancti
1083 2180 1243 2263 Stephani
1274 2181 1307 2242 in
1335 2179 1490 2252 Cintoria,
1520 2178 1624 2242 sancti
1647 2177 1760 2241 Savini
1792 2178 1824 2240 in

157 2263 321 2343 Carasolo,
346 2267 378 2329 in
402 2268 474 2349 ipsa
496 2270 627 2332 civitate
651 2272 883 2333 monasterium
906 2272 1010 2334 sancti
1027 2270 1228 2345 Michahelis,
1251 2270 1355 2332 sancti
1378 2268 1539 2344 Fridiani;
1570 2267 1603 2330 in
1627 2267 1823 2349 episcopatu

156 2355 290 2418 Lucano
312 2359 544 2421 monasterium
567 2360 670 2422 sancti
694 2358 872 2424 Salvatoris
900 2361 933 2423 in
958 2361 1162 2435 Cantinian0,
1194 2360 1298 2422 sancti
1320 2359 1406 2421 Petri
1430 2358 1463 2420 in
1485 2356 1646 2431 Puteolis;
1678 2357 1759 2419 item
1792 2357 1825 2418 in

155 2443 306 2507 Sardinia
328 2446 361 2507 in
377 2447 659 2530 archiepiscopatu
675 2450 833 2513 Turitano
858 2451 1090 2513 monasterium
1107 2459 1219 2512 sancte
1234 2447 1403 2511 Trinitatis
1418 2447 1451 2508 in
1467 2445 1627 2521 Saccaria,
1651 2444 1825 2508 ecclesiam

154 2535 257 2597 sancti
279 2534 365 2597 Petri
389 2536 430 2598 de
453 2536 601 2615 Scanno;
632 2540 711 2601 item
735 2538 767 2600 in
791 2539 910 2602 Tuscia
933 2541 966 2601 in
990 2540 1182 2620 episcopatu
1207 2537 1339 2600 Clusino
1363 2535 1531 2598 heremum
1553 2533 1631 2596 Vivi
1653 2535 1687 2596 in
1711 2544 1825 2596 monte

153 2622 289 2686 Amiato
306 2643 379 2686 cum
396 2627 548 2689 omnibus
563 2628 824 2710 supradictorum
841 2628 988 2690 locorum
1003 2628 1215 2709 pertinentiis.
1247 2628 1319 2689 Hec
1335 2626 1431 2706 igitur
1446 2624 1559 2687 omnia
1570 2643 1643 2687 cum
1660 2623 1825 2700 omnibus,

155 2713 198 2774 ad
229 2713 301 2795 ipsa
330 2717 528 2778 monasteria
557 2718 795 2798 pertinentibus
824 2718 996 2780 statuimus
1034 2727 1067 2780 et
1097 2716 1279 2798 apostolice
1309 2713 1396 2777 sedis
1427 2714 1620 2776 auctoritate
1649 2713 1825 2789 sancimus,

155 2812 323 2882 tamquam
347 2822 465 2884 corpus
496 2826 597 2867 unum
619 2807 679 2869 sub
704 2826 769 2868 uno
800 2807 917 2887 capite,
950 2807 984 2869 id
1007 2816 1057 2868 est
1079 2806 1139 2868 sub
1164 2807 1272 2887 priore
1295 2802 1553 2867 Camaldulensis
1576 2802 1710 2878 heremi,
1741 2812 1825 2865 tem·

154 2890 289 2973 poribus
312 2895 479 2974 perpetuis
501 2915 692 2975 permanere
723 2905 756 2957 et
779 2895 812 2957 in
836 2895 919 2958 illius
943 2896 1114 2978 discipline
1143 2895 1372 2957 observatione
1395 2892 1576 2974 persistere,
1607 2892 1668 2954 sub
1697 2890 1755 2953 illo
1780 2892 1824 2954 in·

156 3000 253 3061 quam
284 2980 403 3061 priore,
436 2983 491 3063 qui
522 2983 564 3047 ab
598 2984 698 3066 ipsius
727 2986 991 3066 congregationis
1020 2985 1196 3047 abbatibus
1227 2984 1295 3046 sive
1326 2981 1489 3063 prioribus
1520 2990 1553 3043 et
1583 2979 1624 3043 ab
1656 2979 1825 3043 heremitis

155 3069 342 3151 regulariter
379 3071 515 3148 electus,
554 3083 721 3153 prestante
753 3073 906 3150 domino,
938 3074 1041 3136 fuerit.
1093 3075 1193 3136 Porro
1227 3071 1516 3153 congregationem
1546 3069 1653 3151 ipsam
1687 3069 1733 3131 ita
1762 3070 1824 3133 sub

154 3160 336 3240 apostolice
359 3160 446 3222 sedis
469 3162 571 3224 tutela
593 3170 753 3244 perpetuo
778 3162 1019 3226 confovendam
1043 3163 1255 3237 decernImus,
1279 3170 1314 3223 ut
1338 3160 1414 3222 nulli
1431 3159 1663 3240 episcoporum
1687 3156 1825 3222 facultas

153 3248 203 3323 sit,
227 3247 362 3329 aliquod
385 3270 428 3311 ex
449 3250 500 3313 his
524 3253 756 3315 monasterium
779 3252 904 3334 absque
927 3253 1044 3334 prioris
1067 3251 1295 3314 convenientia
1317 3250 1368 3312 vel
1393 3248 1574 3329 apostolice
1589 3247 1676 3310 sedis
1692 3247 1825 3311 licentia

154 3338 438 3402 excommunicare
468 3340 520 3402 vel
552 3361 571 3402 a
603 3341 720 3404 divinis
750 3341 867 3404 officiis
897 3340 1098 3404 interdicere.
1143 3340 1311 3402 Fratribus
1341 3349 1448 3400 autem
1473 3337 1552 3419 ipsis
1575 3336 1707 3399 licentia
1728 3337 1825 3413 sit,a

155 3448 221 3509 quo
246 3427 418 3491 maluerint
442 3427 605 3492 catholico
631 3431 799 3512 episcope,
823 3431 1106 3494 consecrationum
1123 3439 1155 3492 et
1171 3429 1414 3491 ordinationum
1430 3434 1634 3489 sacramenta
1648 3427 1824 3508 suscipere.

154 3517 367 3580 Decernimus
391 3537 478 3598 erg0,
502 3528 538 3581 ut
561 3519 638 3581 nulli
663 3520 797 3582 omnino
814 3518 984 3583 hominum
999 3520 1104 3594 liceat,
1128 3518 1255 3601 prefata
1270 3517 1467 3579 monasteria
1486 3526 1609 3578 temere
1624 3515 1825 3596 perturbare,

155 3618 210 3670 aut
232 3626 344 3670 eorum
368 3608 594 3688 possessiones
609 3609 734 3672 auferre
749 3609 800 3672 vel
817 3609 943 3673 ablatas
959 3610 1105 3685 retinere,
1129 3609 1274 3670 minuere
1297 3627 1354 3668 seu
1379 3604 1579 3687 quibuslibet
1593 3604 1825 3667 vexationibus

155 3695 304 3778 fatigare,
336 3696 396 3757 sed
427 3699 538 3759 omnia
568 3698 694 3780 integra
726 3710 956 3761 conserventur
985 3719 1115 3773 eorum,
1153 3717 1214 3778 pro
1246 3715 1385 3778 quorum
1414 3693 1652 3776 gubernatione
1683 3714 1723 3756 ac
1750 3694 1823 3757 sub-

154 3786 351 3848 stentatione
375 3805 531 3849 concessa
553 3798 636 3863 sunt,
661 3788 772 3850 usibus
795 3786 993 3850 omnimodis
1016 3786 1193 3870 profutura.
1239 3782 1274 3847 Si
1300 3805 1364 3866 qua
1380 3785 1477 3866 igitur
1499 3784 1531 3844 in
1556 3781 1699 3845 futunrm
1722 3784 1823 3846 eccle·

154 3876 285 3938 siastica
306 3874 499 3938 secularisve
514 3896 664 3957 persona,
687 3878 771 3940 hanc
792 3887 901 3940 nostre
917 3877 1157 3940 constitutionis
1173 3876 1328 3957 paginam
1344 3874 1457 3948 sciens,
1482 3882 1597 3934 contra
1611 3891 1686 3934 eam
1701 3881 1824 3936 temere

154 3965 264 4029 venire
294 3965 517 4045 temptaverit,
552 3967 697 4029 secundo
728 3967 866 4029 tertiove
897 3967 1114 4041 commonita,
1153 3965 1213 4026 nisi
1243 3962 1526 4045 presumptionem
1555 3980 1648 4024 suam
1679 3981 1824 4043 congrua

155 4054 376 4117 satisfactione
399 4055 585 4130 correxerit,
618 4056 791 4138 potestatis
818 4055 1018 4136 honorisque
1047 4056 1096 4118 sui
1127 4063 1236 4116 careat
1267 4053 1425 4134 dignitate
1458 4070 1612 4131 reamque
1642 4070 1679 4112 se
1712 4050 1822 4114 divino

156 4143 275 4206 iudicio
299 4143 438 4206 existere
462 4142 503 4206 de
523 4154 711 4226 perpetrata
727 4145 897 4226 iniquitate
913 4150 1123 4224 congnoscat,
1147 4152 1180 4205 et
1195 4163 1215 4204 a
1230 4142 1447 4204 sacratissimo
1464 4159 1602 4221 corpore
1618 4148 1652 4202 et
1665 4140 1822 4222 sanguine

156 4231 208 4294 dei
240 4243 272 4295 et
303 4232 436 4307 domini,
469 4231 685 4314 redemptoris
717 4234 818 4296 nostri
846 4233 917 4296 lesu
942 4233 1069 4307 Christi,
1093 4231 1287 4306 alienafiat,
1320 4240 1419 4311 atque
1443 4230 1475 4291 in
1499 4239 1648 4291 extremo
1672 4229 1822 4292 examine

156 4323 300 4387 districte
330 4321 444 4384 ultioni
476 4323 653 4385 subiaceat.
700 4323 832 4386 Cunctis
863 4332 980 4397 autem,
1014 4321 1138 4384 eisdem
1170 4320 1317 4382 cenobiis
1341 4320 1424 4381 iusta
1446 4316 1659 4394 servantibus,
1691 4319 1734 4382 sit
1757 4339 1822 4400 pax

156 4413 280 4476 domini
305 4409 406 4477 nostri
429 4411 500 4473 lesu
525 4411 652 4488 Christi,
685 4413 837 4493 quatinus
868 4411 976 4474 ethic
999 4411 1138 4473 fructum
1169 4409 1257 4471 bone
1287 4409 1425 4471 actionis
1453 4408 1638 4490 percipiant
1668 4417 1702 4471 et
1734 4407 1820 4490 apud

156 4503 335 4566 districtum
359 4496 500 4562 iudicem
523 4502 649 4583 premia
672 4512 782 4564 eterne
805 4501 896 4583 pacis
919 4501 1093 4562 inveniant.
1139 4498 1215 4560 Am.
1239 4498 1315 4560 Am.
1339 4496 1415 4560 Am.

367 4585 423 4671 (R)
448 4589 521 4671 Ego
544 4591 710 4672 Eugenius
734 4588 893 4653 catholice
915 4589 1050 4652 ecclesie
1074 4589 1249 4670 episcopus
1271 4608 1313 4650 ss,
1337 4587 1399 4666 (M)

367 4675 388 4759 †
408 4678 482 4759 Ego
506 4678 675 4742 Conradus
698 4678 889 4743 Sabinensis
911 4678 1087 4760 episcopus
1109 4698 1150 4740 ss,

368 4765 388 4849 †
410 4767 485 4849 Ego
508 4766 785 4851 GG.(Greg0rius)
808 4767 968 4851 presbiter
991 4767 1164 4829 cardinalis
1187 4767 1235 4829 tit.
1259 4764 1376 4829 Calixti
1400 4786 1441 4826 ss.

367 4857 389 4935 †
410 4857 484 4938 Ego
508 4858 617 4921 Guido
641 4859 802 4941 presbiter
825 4856 997 4920 cardinalis
1019 4857 1067 4918 tit.
1090 4856 1193 4918 sancti
1217 4854 1392 4935 Grisogoni
1415 4875 1456 4916 ss.

367 4948 389 5026 †
410 4947 483 5027 Ego
507 4948 697 5012 Manfredus
720 4947 881 5031 presbiter
903 4946 1075 5008 cardinalis
1097 4947 1145 5007 tit.
1168 4956 1280 5007 sancte
1302 4942 1422 5008 Savine
1444 4964 1486 5006 ss

368 5033 389 5117 †
412 5036 485 5116 Ego
507 5035 682 5101 Aribertus
704 5037 865 5119 presbiter
887 5035 1059 5098 cardinalis
1082 5037 1129 5097 tit.
1152 5044 1265 5097 sancte
1287 5033 1462 5095 Anastasie
1485 5053 1526 5095 ss.

368 5123 389 5207 †
411 5126 485 5206 Ego
509 5126 606 5189 lulius
628 5126 790 5208 presbiter
812 5124 983 5188 cardinalis
1007 5126 1054 5187 tit.
1078 5125 1181 5187 sancti
1205 5122 1349 5185 Marcelli
1373 5143 1413 5185 ss.

367 5215 389 5293 †
410 5215 484 5296 Ego
507 5216 658 5279 Ubaldus
681 5215 843 5298 presbiter
864 5213 1036 5277 cardinalis
1059 5215 1107 5276 tit.
1130 5223 1242 5276 sancte
1265 5211 1376 5276 Crucis
1399 5213 1431 5273 in
1454 5208 1629 5273 Ierusalem
1651 5230 1694 5273 ss.

367 5300 388 5387 †
411 5305 485 5385 Ego
509 5306 709 5369 Octavianus
731 5305 893 5387 presbiter
915 5303 1087 5366 cardinalis
1110 5303 1158 5366 tit.
1181 5312 1292 5365 sancte
1316 5300 1436 5365 Cecilie
1458 5321 1499 5363 ss.

367 5394 484 5476 †Ego
507 5394 671 5458 Gerardus
698 5394 859 5477 presbiter
890 5393 1062 5456 cardinalis
1093 5393 1141 5455 tit.
1164 5392 1268 5454 sancti
1291 5387 1450 5473 Stephani
1475 5390 1508 5452 in
1531 5389 1623 5453 Celio
1647 5399 1761 5452 monte
1782 5407 1817 5450 ss.

367 5483 389 5563 's
411 5486 485 5568 Ego
508 5485 669 5548 lohannes
692 5505 819 5566 paparo
846 5482 1007 5566 presbiter
1036 5480 1209 5545 cardinalis
1235 5481 1339 5544 sancti
1360 5479 1524 5543 Laurentii
1555 5480 1589 5542 in
1612 5477 1761 5542 Damaso
1781 5497 1817 5540 ss.

158 5619 195 5626 -—
204 5620 254 5628 ...ῃ
273 5621 441 5628 .—.—
452 5619 579 5626 -.—-—-.

314 5682 340 5746 a)
363 5678 427 5730 Oder
443 5679 628 5731 heremitarium
698 5678 725 5747 b)
744 5679 801 5728 oder
816 5677 892 5727 Bruti.
