3982 6194
156 280 218 345 130

154 474 217 535 que
240 452 479 515 successoribus
503 451 596 513 annis
611 450 745 532 singulis
761 451 963 532 persolvetis.
1002 449 1036 513 Si
1054 448 1125 530 quis
1145 456 1263 521 autem,
1288 439 1423 525 delereti
1438 442 1531 505 huius
1547 449 1665 504 tenore
1680 439 1818 521 cognito,

152 553 275 605 temere
299 541 459 604 contraire
482 541 700 621 temptaverit,
725 541 785 602 nisi
810 539 873 602 deo
897 549 930 601 et
953 539 1089 626 ecclesIe
1113 536 1265 599 iratribus
1280 532 1481 607 satisfecerit,
1510 530 1751 611 omnipotentis
1774 529 1820 592 dei

153 644 186 695 et
209 632 297 694 beati
320 631 414 703 Petri,
438 629 663 710 apostolorum
686 630 851 710 principis,
877 628 1100 710 indignatione
1123 626 1286 708 plectatur
1302 625 1341 704 ⁸)-

364 717 420 802 (R)
444 719 518 800 Ego
541 718 734 781 Anastasius
758 718 918 804 catholice
941 718 1079 802 ecclesie
1103 717 1278 797 episcopus
1301 734 1341 776 ss.
1365 710 1428 793 (Μ)

365 806 385 889 †
408 809 481 888 Ego
506 808 605 888 Hugo
629 808 813 870 Hostiensis
836 808 1012 889 episcopus
1035 827 1075 869 ss.
1098 802 1138 890 (c.
1163 803 1197 888 8)

364 931 408 942 -
430 897 451 976 †
473 897 547 977 Ego
572 896 851 978 GG.(Gregorius)
875 897 1037 978 presbiter
1060 893 1232 957 cardinalis
1255 891 1302 953 tit.
1327 889 1447 954 Calixti
1471 908 1511 950 ss.
1536 883 1589 970 (1)

364 987 385 1063 †
407 986 481 1066 Ego
505 986 678 1047 Hubaldus
702 987 862 1068 presbiter
885 986 1057 1048 cardinalis
1080 985 1128 1045 tit.
1154 990 1265 1044 sancte
1288 980 1444 1042 Praxedis
1467 998 1507 1041 ss
1530 972 1607 1059 (¹12)

364 1074 384 1154 †
407 1075 480 1155 Ego
503 1075 601 1137 Iulius
624 1076 785 1156 presbiter
808 1075 979 1137 cardinalis
1003 1075 1050 1136 tit.
1073 1073 1176 1136 sancti
1201 1068 1345 1132 Marcelli
1369 1089 1410 1131 ss.

365 1161 385 1244 's
409 1165 481 1245 Ego
494 1164 655 1226 Iohannes
667 1165 827 1245 presbiter
839 1164 1011 1226 cardinalis
1023 1173 1210 1225 sanctorum
1220 1159 1373 1222 Iohannis
1383 1167 1416 1220 et
1423 1154 1540 1235 P(auli)
1547 1155 1597 1217 tit.
1607 1151 1777 1216 Pamachii
1784 1172 1822 1213 ss.

365 1249 385 1331 †
408 1253 482 1333 Ego
506 1252 679 1315 Hubaldus
702 1254 862 1335 presbiter
885 1252 1057 1315 cardinalis
1081 1252 1129 1313 tit.
1152 1260 1265 1334 sancte
1288 1247 1400 1311 Crucis
1424 1247 1456 1308 in
1479 1243 1655 1308 Ierusalem
1678 1263 1720 1305 ss.

364 1344 385 1419 t
408 1341 481 1422 Ego
506 1342 615 1405 Guido
639 1343 800 1423 presbiter
823 1343 995 1405 cardinalis
1018 1341 1066 1404 tit.
1089 1339 1231 1403 Pastoris
1254 1358 1294 1400 ss.

365 1430 385 1509 †
408 1431 481 1511 Ego
505 1428 662 1493 Astaldus
686 1432 847 1513 presbiter
869 1431 1041 1494 cardinalis
1064 1430 1112 1492 tit.
1136 1437 1248 1490 sancte
1269 1426 1377 1511 Prisce
1400 1445 1441 1487 ss.

366 1519 387 1599 †
409 1520 482 1600 Ego
505 1520 667 1582 Iohannes
689 1521 850 1601 presbiter
871 1520 1043 1583 cardinalis
1064 1519 1112 1581 tit.
1131 1514 1161 1600 b)
1186 1526 1372 1579 sanctorum
1396 1511 1540 1577 Silvestri
1568 1520 1602 1573 et
1625 1508 1760 1571 Martini
1782 1526 1824 1568 ss.

367 1643 410 1652 -
432 1607 453 1689 †
475 1608 548 1690 Ego
572 1609 672 1672 Oddo
698 1611 855 1672 diaconus
877 1610 1049 1673 cardinalis
1072 1607 1176 1670 sancti
1200 1605 1333 1686 Georgii
1357 1603 1400 1667 ad
1422 1600 1542 1664 Velum
1566 1617 1700 1662 aureum
1725 1618 1766 1659 ss.

365 1697 386 1779 †
409 1697 482 1778 Ego
506 1697 615 1761 Guido
640 1699 798 1761 diaconus
821 1699 993 1761 cardinalis
1015 1707 1128 1760 sancte
1152 1696 1255 1758 Marie
1278 1694 1312 1756 in
1334 1691 1461 1755 Porticu
1485 1711 1526 1754 ss.
1548 1687 1591 1772 (c.
1613 1684 1650 1769 4)

366 1787 388 1865 †
410 1787 482 1867 Ego
507 1787 584 1850 Odo
609 1787 766 1850 diaconus
790 1789 960 1851 cardinalis
982 1787 1085 1850 sancti
1109 1784 1261 1848 Nicholai
1285 1784 1317 1844 in
1341 1802 1469 1845 carcere
1491 1779 1644 1842 Tulliano
1668 1796 1709 1838 ss.

314 1877 391 1938 Dat.
415 1876 577 1948 Laterani,
600 1897 659 1956 per
681 1897 814 1939 manum
829 1878 984 1951 Rolandi,
1007 1885 1120 1938 sancte
1135 1876 1285 1936 Romane
1308 1872 1443 1935 ecclesie
1459 1869 1629 1952 presbiteri
1652 1863 1828 1929 cardinalis

156 1974 188 2026 et
219 1965 408 2027 cancellarii.
462 1978 511 2026 vll
541 1965 587 2027 Id.
619 1966 699 2028 Dec.
753 1966 937 2029 Indictione
956 1964 984 2049 c)
1015 1980 1050 2027 ΙΙ.
1102 1962 1337 2026 Incarnationis
1375 1960 1538 2022 dominice
1577 1977 1664 2020 anno
1705 1966 1829 2016 Mcuu.

155 2054 369 2117 Pontificatus
391 2074 469 2116 vero
493 2054 606 2116 domni
629 2055 797 2118 Anastasii
820 2073 872 2117 1111
894 2077 950 2138 pp.
974 2074 1061 2117 anno
1084 2054 1201 2134 primo,
1224 2086 1268 2095 -

319 2168 361 2218 Or.
380 2166 521 2234 (Camunitlt
539 2169 566 2216 a·
585 2168 655 2227 Colle,
674 2169 743 2218 1153
761 2170 817 2218 Dic.
837 2173 872 2228 7),
891 2170 924 2217 im
941 2167 1054 2217 Archivia
1072 2166 1098 2214 di
1115 2167 1182 2215 Stolo
1198 2181 1228 2212 an
1246 2164 1351 2213 lilarcna.

317 2240 385 2306 Prrg.
405 2241 464 2299 ital,
483 2241 519 2289 br.
538 2243 589 2299 O,6‚
613 2242 674 2306 lang
690 2242 777 2300 0,705,
799 2248 873 2290 untm
892 2241 972 2301 0,028
990 2238 1178 2304 remgesclrlogen,
1203 2235 1282 2284 durch
1298 2234 1356 2284 rwei
1372 2234 1464 2282 La‘clicr
1477 2232 1540 2298 girrg
1556 2232 1594 2280 die
1612 2230 1718 2289 Sclmnr,
1743 2228 1831 2278 rarlclc

156 2310 201 2359 mit
225 2311 277 2359 dem
304 2313 360 2360 Bln’
381 2314 496 2361 verlaren.
532 2312 649 2377 Faltnng
671 2311 714 2360 der
740 2312 837 2362 Bellen,
874 2313 922 2361 Die
953 2312 1108 2376 Verewigung
1130 2309 1174 2358 der
1196 2315 1271 2357 ersten
1298 2307 1360 2356 Zeile
1378 2306 1551 2371 saltantes,
1577 2303 1671 2367 Sclm'st
1694 2302 1736 2351 des
1762 2301 1830 2349 hon-

155 2383 239 2446 scn'pts
256 2383 282 2431 in
299 2385 345 2432 den
370 2384 464 2433 Wortrn
480 2383 547 2432 stark
570 2385 830 2450 arcsannncngedrlagt.
866 2386 921 2434 Das
940 2389 964 2432 ct
984 2383 1171 2446 conplectatur
1195 2381 1226 2429 ist
1242 2381 1319 2438 0,057
1344 2376 1504 2427 menander
1521 2391 1621 2441 geaagcn
1644 2375 1700 2423 und
1716 2373 1829 2421 dadurcll

156 2455 194 2502 die
213 2454 275 2502 Zeile
292 2471 346 2503 nani
363 2455 504 2504 Abscltlusse
518 2455 639 2520 gebracht.
672 2458 749 2505 Amen
760 2456 854 2520 sellan,
892 2456 930 2504 Im
948 2454 1096 2520 Ringkreuae
1113 2454 1144 2501 ist
1160 2452 1204 2500 a’cr
1221 2450 1309 2515 Seliast
1325 2466 1376 2499 mar
1392 2449 1448 2498 halb
1457 2448 1539 2513 sertig
1551 2447 1670 2513 gemacht,
1694 2446 1734 2494 die
1752 2447 1828 2494 Dinte

156 2527 276 2590 wasseng,
300 2528 345 2574 wic
368 2527 446 2576 wedcr
462 2528 488 2575 in
510 2527 569 2576 Una·
592 2528 652 2575 nach
674 2526 843 2592 Untersclmft‚
874 2527 911 2576 die
931 2542 979 2574 van
998 2525 1102 2590 gleiclrcr
1119 2523 1199 2573 Hand
1217 2522 1351 2572 lierritliren
1374 2521 1483 2571 lincam.
1520 2521 1576 2568 Das
1594 2520 1616 2567 R
1634 2518 1689 2567 und
1710 2517 1829 2566 vr'rlleiclrl

156 2597 219 2645 arieli
241 2598 287 2645 das
304 2612 320 2646 ο
339 2599 447 2647 Rolands
464 2599 489 2646 in
507 2599 550 2647 der
567 2599 696 2664 Datirnng
718 2599 825 2648 sclrcincn
849 2597 1013 2662 naclatrrigliclt
1038 2598 1187 2662 eingctragcn
1205 2611 1234 2643 an
1251 2595 1309 2653 sein,
1335 2610 1382 2642 vari
1400 2592 1526 2641 Anastasii
1543 2608 1577 2639 an
1601 2591 1638 2639 die
1662 2591 1742 2638 Wartc
1760 2589 1828 2637 stark

156 2669 316 2717 auseinander
329 2684 436 2735 gesagen,
454 2686 496 2717 um
516 2670 552 2718 die
571 2670 632 2719 Zeila
649 2687 678 2719 aa
689 2671 784 2735 filllcn.
821 2671 872 2719 Eia
894 2670 964 2719 Tlreil
978 2668 1022 2718 der
1039 2668 1218 2733 Zeugenfirmcn
1235 2666 1313 2715 sicher
1328 2681 1376 2714 van
1389 2664 1494 2729 gleicher
1510 2662 1595 2721 Hand,
1615 2680 1655 2710 am
1674 2661 1828 2710 rcnvcrkcrm·

155 2741 249 2789 dorstat
266 2740 303 2789 die
323 2741 446 2806 Presbyter
461 2740 565 2790 llnbald
580 2742 618 2802 (S.
640 2742 743 2807 Crucis),
765 2743 844 2792 Gnida
861 2743 917 2791 rand
931 2740 1055 2799 Astaldns,
1079 2740 1142 2788 ancli
1159 2738 1264 2788 Hubald
1278 2736 1316 2799 (S.
1336 2737 1462 2802 Raecio)
1486 2735 1542 2783 rand
1560 2735 1649 2799 Julius
1667 2735 1761 2783 rithren
1780 2749 1827 2780 aaa

156 2812 195 2860 ilar
211 2812 260 2871 lter,
279 2812 400 2862 totihrcnd
415 2813 453 2862 die
471 2813 524 2862 drei
540 2813 667 2862 Drakoncn
677 2815 706 2878 jc
723 2830 771 2864 van
789 2816 862 2864 einern
880 2814 986 2862 anderen
1004 2811 1127 2861 Sclarcibcr
1143 2810 1288 2877 ausgefic'lrrt
1304 2809 1413 2858 nncrden.

897 3125 964 3200 Nr.
996 3128 1080 3198 123.

157 3255 351 3320 Anastasius
367 3257 389 3318 l
396 3254 551 3320 Vnimmt
572 3255 635 3320 das
660 3254 791 3320 Klaster
811 3256 909 3320 Santa
933 3255 1070 3337 Stefana
1093 3255 1131 3319 di
1145 3253 1286 3337 Balagaia
1310 3255 1343 3318 in
1363 3251 1596 3336 apostalisclacn
1618 3250 1738 3314 Schuts
1759 3249 1831 3314 und

729 3346 879 3430 bestltigt
898 3348 984 3410 scine
1007 3345 1249 3409 Besintaamer.

735 3466 819 3525 1153
838 3462 1013 3526 December
1029 3465 1057 3525 7.
1090 3461 1242 3525 Lateran.

316 3593 510 3656 Anastasius
521 3595 704 3677 episcopus,
721 3617 831 3659 servus
847 3617 1012 3660 servorum
1026 3597 1087 3671 dei,
1105 3597 1231 3659 dilectis
1248 3595 1321 3658 filiis
1338 3595 1484 3671 Giberto,
1507 3593 1619 3656 abbati
1638 3590 1826 3654 monasterii

156 3682 259 3745 sancti
293 3682 451 3764 Stephani
482 3682 714 3761 Bononiensis,
747 3687 836 3766 quod
856 3684 887 3768 d)
910 3697 1046 3749 vocatur
1063 3685 1094 3767 d)
1125 3686 1299 3748 Ierusalem
1318 3686 1359 3764 ¹),
1393 3686 1526 3765 eiusque
1559 3683 1730 3756 fratribus,
1761 3690 1828 3741 tam

157 3771 363 3853 presentibus
386 3792 484 3853 quam
509 3772 630 3850 suturis,
655 3775 834 3856 regularem
856 3777 957 3837 vitam
981 3775 1144 3857 professis
1167 3788 1206 3836 IN
1222 3787 1298 3836 PPM.
1322 3808 1365 3819 -—
1385 3771 1390 3858 l
1411 3774 1572 3854 Quotiens
1594 3770 1673 3834 illud
1689 3791 1710 3832 a
1734 3769 1828 3831 nobis

157 3863 287 3941 petitur,
319 3862 408 3942 quod
441 3862 588 3943 religioni
612 3874 645 3925 et
675 3866 815 3928 onestati
848 3866 1022 3928 convenire
1046 3865 1233 3941 dinoscitur,
1267 3865 1377 3926 animo
1409 3884 1469 3925 nos
1493 3864 1587 3925 decet
1614 3860 1730 3923 libenti
1755 3878 1826 3920 con·

157 3951 273 4012 cedere
304 3960 337 4012 et
366 3951 547 4031 petentium
579 3953 747 4016 desideriis
774 3974 953 4035 congruum
980 3954 1137 4036 impertiri
1161 3974 1365 4016 consensum.
1410 3954 1604 4033 Eapropter,
1625 3946 1630 4033 Ι
1653 3949 1764 4012 dilecti
1796 3948 1827 4008 iu

158 4038 293 4100 domino
317 4038 382 4114 filii,
406 4041 521 4102 vestris
545 4041 634 4103 iustis
657 4042 933 4123 postulationibus
958 4044 1134 4105 clementer
1148 4043 1326 4117 annuImuS,
1350 4051 1383 4105 et
1407 4041 1569 4124 prefatum
1586 4037 1825 4109 monasterium,

157 4128 190 4188 in
215 4147 280 4207 quo
305 4127 416 4189 divino
441 4131 617 4211 mancipati
642 4131 717 4193 estis
740 4131 909 4213 obsequio,
934 4132 994 4194 sub
1019 4131 1106 4196 beati
1121 4133 1206 4194 Petri
1227 4142 1260 4195 et
1276 4141 1387 4194 nostra
1407 4131 1613 4213 protectione
1632 4129 1826 4209 suscipimus

157 4226 190 4277 et
221 4216 379 4296 presentis
410 4219 520 4299 scripti
551 4219 716 4302 privilegio
748 4222 995 4284 communimus.
1046 4219 1242 4296 Statuentes‚
1275 4231 1310 4284 ut
1340 4241 1562 4302 quascumque
1593 4219 1826 4301 possessiones,

158 4325 364 4385 quecumque
386 4306 475 4368 bona
497 4307 583 4369 idem
608 4313 840 4372 monasterium
863 4311 896 4372 in
919 4312 1156 4392 presentiarum
1179 4311 1261 4373 iuste
1291 4321 1323 4374 et
1352 4313 1509 4373 canonice
1539 4309 1688 4391 possidet
1717 4307 1826 4369 autin

159 4393 300 4455 futurum
324 4395 534 4458 concessione
564 4398 765 4478 pontificum,
796 4399 964 4481 largitione
989 4419 1101 4481 regum
1123 4400 1175 4462 vel
1198 4399 1389 4482 principum,
1414 4400 1582 4462 oblatione
1605 4397 1750 4459 fidelium
1772 4415 1826 4457 seu

158 4482 226 4544 aliis
250 4483 341 4546 iustis
365 4486 480 4561 modis
504 4497 669 4566 prestante
694 4489 838 4563 domino,
863 4490 984 4570 poterit
1000 4489 1146 4570 adipisci,
1171 4488 1264 4552 firma
1278 4490 1372 4552 vobis
1387 4491 1566 4569 vestrisque
1587 4485 1828 4549 successoribus

158 4582 191 4634 et
207 4572 332 4634 illibata
354 4585 577 4653 permaneant.
621 4577 658 4639 In
683 4578 800 4658 quibus
817 4578 877 4640 hec
893 4577 1032 4659 propriis
1049 4578 1201 4640 duximus
1218 4579 1432 4661 exprimenda
1447 4577 1632 4640 vocabulis:
1658 4575 1827 4638 ecclesiam

158 4663 261 4723 sancti
278 4661 438 4742 Stephani
455 4664 488 4725 in
505 4664 656 4727 Claterna
679 4686 753 4728 cum
776 4666 920 4748 hospitio
945 4678 978 4729 et
994 4667 1146 4730 omnibus
1163 4668 1266 4745 rebus,
1291 4668 1333 4730 ad
1353 4670 1381 4748 e)
1405 4669 1511 4749 ipsam
1530 4665 1559 4748 f)
1582 4664 1828 4746 pertinentibus,

159 4760 192 4812 et
215 4750 423 4813 medietatem
447 4753 672 4817 decimationis
696 4756 795 4837 ipsius
819 4756 934 4837 plebis,
965 4756 1120 4819 ecclesias
1142 4758 1244 4819 sancti
1267 4758 1433 4821 Laurentii
1457 4767 1490 4820 et
1520 4766 1632 4818 sancte
1656 4756 1760 4842 Maris
1789 4755 1830 4816 de

161 4847 268 4901 castro
300 4839 502 4922 Varegnane,
534 4842 705 4906 ecclesiam
733 4847 836 4906 sancti
860 4845 1012 4907 Damiani
1035 4866 1100 4932 que
1130 4854 1181 4908 est
1210 4846 1289 4909 infra
1320 4857 1444 4910 curtem
1469 4845 1626 4919 Casalicli,
1657 4845 1830 4907 ecclesiam

158 4929 259 4990 sancti
282 4926 435 4991 Iohannis
460 4933 491 4992 in
517 4929 678 5008 Galisano,
711 4935 884 4996 ecclesiam
914 4936 1018 4996 sancti
1042 4933 1178 5021 Andree
1209 4937 1251 5000 de
1276 4935 1390 5019 Capite
1413 4936 1485 5010 vici,
1517 4934 1686 4997 ecclesiam
1718 4939 1830 4995 sancte

159 5018 263 5103 Mario
286 5018 328 5080 de
351 5017 507 5094 Elerario,
535 5022 706 5085 ecclesiam
728 5020 833 5085 sancti
856 5021 1011 5086 Iohannis
1034 5024 1076 5086 de
1098 5024 1183 5087 valle
1205 5026 1351 5102 Lambri,
1381 5025 1554 5088 ecclesiam
1576 5025 1681 5086 saneti
1707 5020 1830 5086 MiIIani

159 5106 201 5168 de
225 5107 329 5182 Russi,
355 5107 523 5171 ecclesiam
546 5119 656 5197 sancte
682 5113 784 5174 Marie
807 5114 849 5174 de
873 5113 1008 5188 Caselle,
1033 5113 1205 5177 ecclesiam
1227 5125 1414 5179 sanctorum
1439 5113 1591 5178 Iohannis
1615 5121 1649 5175 et
1673 5111 1764 5175 Pauli
1788 5112 1832 5173 de

158 5197 290 5271 Panteo,
314 5197 465 5260 ecclesias
489 5202 591 5263 sancti
607 5200 760 5264 Iohannis
784 5210 817 5264 et
839 5211 952 5265 sancte
969 5202 1072 5289 Mario
1095 5204 1138 5266 de
1156 5203 1369 5282 Cadaniusco,
1394 5203 1547 5268 ecclesias
1566 5203 1671 5266 sancti
1686 5201 1831 5264 Victoris

159 5292 193 5347 et
215 5287 317 5348 sancti
339 5288 425 5350 Petri
449 5289 492 5351 de
514 5288 717 5367 Vitaliacula,
741 5292 914 5354 ecclesiam
937 5294 1041 5355 sancti
1062 5292 1179 5356 Vitalis
1202 5296 1245 5359 de
1269 5293 1450 5359 Granarulo
1469 5291 1507 5377 ε),
1531 5292 1702 5356 eeclesiam
1727 5292 1831 5355 sancti

317 5481 342 5544 a)
362 5480 393 5529 In
416 5481 460 5529 cler
491 5482 643 5549 lse'rbindrcng
668 5486 708 5534 des
725 5493 749 5535 ct
774 5486 897 5536 tlreilrorisc
922 5489 1008 5536 ll'asrcr
1114 5487 1140 5551 b)
1168 5488 1369 5553 illergesclrricbai
1475 5491 1500 5555 e)
1526 5488 1649 5538 thrilrocise
1676 5490 1730 5554 arcs
1748 5491 1834 5537 Rasna

159 5548 187 5609 d)
205 5552 258 5616 ares
271 5553 355 5600 Rasna
437 5552 462 5616 e)
480 5552 604 5604 theilzocise
621 5557 673 5621 anf
685 5560 770 5606 lr'asur
857 5559 877 5625 f)
896 5559 940 5608 soie
957 5575 976 5619 e,
995 5559 1076 5623 Ipsum
1164 5561 1192 5624 g)
1210 5561 1267 5609 ader
1284 5560 1435 5614 Granartilo.
1455 5600 1494 5605 -
1527 5562 1562 5625 ,1)
1581 5561 1671 5610 ribaria
1685 5561 1832 5625 parochiale,

151 5620 260 5683 sandala
279 5625 311 5672 elas
329 5624 355 5673 S.
371 5623 486 5673 Iltrania.
528 5626 666 5692 t'appelletti
683 5629 730 5678 III
738 5637 764 5693 p.
784 5633 843 5680 574.
