3982 6194
160 266 220 350 178

895 449 961 526 Nr.
991 451 1076 527 167.

155 587 309 651 Hadrian
326 584 386 649 IV
400 586 517 649 nimmt
536 584 598 649 das
623 582 752 648 Kloster
776 582 847 647 San
873 584 981 647 Pietro
1006 606 1023 645 e
1050 583 1148 647 Paulo
1170 582 1210 646 di
1235 581 1366 646 Rimini
1387 583 1425 646 in
1443 578 1676 666 apostolzsclren
1704 578 1804 645 Schntr
1834 572 1837 577 ¹

522 675 591 738 und
607 673 759 756 bestdtrgt
782 672 849 736 ilem
872 674 959 736 scine
982 672 1219 737 Besitathrimer
1238 672 1308 735 und
1328 671 1454 737 Rechte.

772 825 857 883 1157
870 820 968 885 Miirz
987 826 1011 883 1.
1049 821 1198 884 Lateran.

312 984 477 1047 Adrianus
493 983 675 1064 episcopus,
700 1003 808 1045 servus
824 1001 989 1044 servorum
1010 981 1071 1057 dei,
1097 981 1222 1043 dilectis
1248 980 1321 1043 filiis
1336 979 1479 1055 Andree,
1502 980 1617 1043 abbati
1634 980 1807 1043 monasterii

156 1074 327 1136 beatorum
354 1073 579 1153 apostolorum
611 1072 694 1135 Petri
726 1083 758 1134 et
780 1069 867 1134 Pauli
900 1073 991 1134 iuxta
1021 1082 1156 1151 pontem
1188 1067 1409 1133 Marmoreum
1431 1070 1652 1132 Ariminensis
1683 1069 1809 1132 civitatis

155 1163 218 1242 siti,
232 1163 365 1243 eiusque
381 1159 532 1223 iratribus
548 1172 616 1223 tam
631 1160 836 1242 presentibus
853 1180 951 1241 quam
969 1159 1089 1234 suturis,
1110 1158 1289 1240 regularem
1306 1160 1407 1222 vitam
1422 1158 1587 1239 professis,
1602 1170 1644 1221 IN
1658 1171 1737 1221 ΡΡΜ.
1751 1154 1808 1243 —l

156 1250 321 1330 Quoniam
344 1251 412 1312 sine
435 1269 510 1334 vere
533 1249 619 1312 cultu
643 1249 808 1330 religionis
831 1269 891 1311 nec
915 1249 1056 1311 caritatis
1079 1250 1185 1310 unitas
1201 1258 1311 1329 potest
1331 1249 1506 1311 subsistere
1528 1267 1591 1310 nec
1612 1247 1679 1309 deo
1694 1257 1811 1329 gratum

156 1339 301 1402 exhiberi
325 1339 499 1412 servitium,
523 1339 657 1419 expedit
681 1338 862 1419 apostolice
885 1338 1077 1409 auctoritati,
1101 1337 1267 1417 religiosas
1294 1356 1451 1418 personas
1470 1331 1476 1419 Ι
1496 1336 1633 1419 diligere
1656 1346 1691 1399 et
1714 1355 1812 1399 earum

156 1429 229 1491 loca
258 1428 344 1490 sedis
374 1427 555 1508 apostolice
585 1428 769 1508 patrocinio
802 1427 1013 1489 communire.
1059 1423 1230 1506 Quocirca,
1263 1426 1372 1487 dilecti
1395 1426 1428 1488 in
1452 1425 1587 1488 domino
1612 1424 1679 1500 filii,
1709 1424 1813 1489 vestris
1862 1472 1866 1489 .

156 1517 246 1579 iustis
268 1516 542 1598 postulationibus
564 1527 692 1597 gratum
717 1517 938 1597 impertientes
960 1535 1135 1588 assensum,
1160 1514 1324 1595 prelatum
1347 1516 1587 1590 monasterium,
1618 1514 1712 1596 quod
1735 1513 1813 1576 beati
1863 1506 1866 1539 ⁵

156 1604 241 1668 Petri
265 1606 341 1667 iuris
364 1605 474 1667 existit
497 1616 530 1667 et
553 1605 585 1666 in
610 1626 675 1686 quo
700 1606 809 1668 divino
833 1605 1010 1685 mancipati
1034 1605 1110 1666 estis
1134 1604 1304 1685 obsequi0,
1328 1603 1371 1665 ad
1394 1602 1563 1686 exemplar
1581 1603 1814 1684 predecessoris

155 1695 265 1769 nostri,
289 1694 377 1756 bone
400 1694 557 1756 memorie
579 1715 667 1775 pape
689 1694 879 1768 Innocentii,
902 1694 963 1757 sub
987 1694 1075 1757 beati
1102 1694 1186 1756 Petri
1211 1705 1242 1755 et
1267 1703 1377 1755 nostra
1399 1693 1606 1774 protectione
1628 1691 1817 1773 suscipimus

155 1796 188 1847 ct
211 1784 369 1865 presentis
397 1783 508 1864 scripti
539 1783 709 1865 privilegio
737 1784 983 1846 communimus.
1036 1782 1240 1858 Statuentes,
1272 1792 1308 1844 ut
1338 1798 1561 1862 quascumque
1586 1780 1816 1863 possessiones,

155 1892 360 1954 quecumque
383 1871 472 1934 bona
496 1872 583 1933 idem
606 1873 838 1934 monasterium
862 1872 894 1933 in
917 1873 1154 1954 presentiarum
1177 1872 1260 1933 iuste
1283 1879 1315 1933 et
1347 1870 1491 1952 legitime
1520 1869 1673 1951 possidet
1703 1880 1759 1932 aut
1788 1869 1817 1931 in

155 1962 295 2023 futurum
319 1961 532 2022 concessione
555 1961 756 2041 pontificum,
781 1960 953 2043 largitione
976 1981 1088 2042 regum
1111 1960 1162 2023 vel
1186 1960 1379 2041 principum,
1404 1959 1571 2022 oblatione
1595 1958 1744 2021 fidelium
1766 1978 1817 2020 seu

155 2050 225 2112 aliis
248 2050 338 2112 iustis
362 2050 468 2111 modis
507 2049 570 2111 deo
602 2045 770 2135 [proplitio
801 2051 922 2131 poterit
950 2050 1104 2131 adipisci,
1138 2048 1231 2111 firma
1253 2048 1348 2111 vobis
1377 2048 1557 2130 vestrisque
1578 2047 1818 2111 successoribus

155 2149 187 2202 et
211 2139 335 2201 illibata
357 2149 578 2218 permaneant.
624 2139 660 2201 ln
684 2139 801 2219 quibus
824 2140 884 2201 hcc
907 2139 1047 2220 propriis
1064 2138 1215 2200 duximus
1231 2138 1445 2218 exprimenda
1459 2137 1648 2199 vocabulis:
1688 2136 1818 2219 plebem

154 2229 256 2290 sancti
282 2227 413 2289 Martini
437 2226 478 2288 de
501 2226 687 2289 Burdunclo
718 2248 792 2290 cum
815 2227 942 2309 capella
971 2248 1030 2290 sua
1061 2238 1094 2290 et
1116 2227 1224 2299 terris,
1254 2227 1343 2289 silvis
1372 2236 1405 2288 et
1435 2225 1588 2288 omnibus
1618 2226 1819 2307 pertinentiis

154 2317 226 2391 suis,
251 2326 374 2378 curtem
397 2315 498 2377 sancti
515 2316 697 2378 Paterniani
721 2317 753 2378 in
777 2317 893 2379 eadem
915 2316 1014 2397 plebe
1037 2337 1111 2378 cum
1134 2315 1287 2378 omnibus
1308 2315 1375 2377 suis
1397 2314 1605 2397 appenditiis,
1637 2325 1704 2377 tres
1732 2333 1819 2376 arcus

155 2406 196 2467 de
219 2414 321 2486 ponte
338 2405 523 2467 Marmoreo
547 2425 621 2466 cum
636 2406 736 2481 terris,
761 2407 844 2467 casis
868 2415 900 2467 et
920 2406 1068 2480 turribus
1092 2416 1211 2468 terram
1227 2423 1358 2485 quoque
1373 2411 1485 2489 sancte
1500 2405 1651 2488 Romane
1675 2403 1818 2486 ecclesie,

154 2514 217 2574 que
241 2504 290 2556 est
313 2493 422 2575 posita
445 2495 535 2556 iuxta
557 2494 664 2575 ipsum
687 2504 832 2575 pontem,
856 2505 889 2557 et
911 2495 1013 2557 habet
1037 2514 1057 2556 a
1079 2495 1185 2573 primo
1209 2493 1309 2556 latere
1332 2503 1469 2575 pontem
1493 2493 1608 2574 ipsum,
1633 2513 1653 2554 a
1674 2492 1818 2555 secundo

154 2582 253 2645 latere
277 2593 423 2644 montem
446 2583 488 2644 de
511 2584 624 2657 Furca,
649 2603 668 2645 a
690 2585 786 2645 tertio
810 2604 909 2659 mare,
934 2604 954 2646 a
977 2593 1092 2664 quarto
1115 2594 1233 2645 terram
1249 2581 1441 2644 Artinacam
1466 2601 1539 2644 cum
1563 2581 1707 2657 flumine,
1732 2579 1819 2662 quod

154 2671 230 2733 inde
245 2691 371 2733 currere
392 2672 567 2745 consucvit,
591 2672 762 2735 ecclesiam
777 2683 890 2755 sancte
907 2673 1008 2757 Marie
1032 2673 1064 2733 in
1081 2670 1178 2734 Curte
1202 2691 1275 2735 cum
1299 2671 1420 2733 mansis
1443 2680 1477 2733 et
1499 2671 1734 2745 mansionibus,
1759 2688 1819 2753 que

153 2760 262 2841 posita
289 2771 339 2822 est
367 2760 400 2821 in
423 2759 592 2822 Posterula
622 2761 750 2836 ducum,
782 2762 924 2825 decimas
956 2782 1087 2842 quoque
1118 2761 1265 2823 omnium
1298 2768 1454 2822 terrarum
1477 2770 1665 2833 vestrarum,
1696 2760 1819 2822 sicuta

153 2848 439 2930 predecessoribus
466 2850 584 2911 nostris
606 2849 702 2912 vobis
725 2870 879 2936 concesse
903 2860 978 2912 sunt
1007 2862 1041 2912 et
1071 2850 1200 2931 scriptis
1230 2869 1342 2912 eorum
1373 2848 1511 2933 firmate.
1557 2849 1713 2911 Obeunte
1743 2866 1819 2910 vero

153 2945 195 3013 te,
228 2958 313 3000 nunc
344 2938 489 3000 ciusdem
519 2939 582 3000 loci
612 2938 743 3014 abbate,
774 2939 826 3002 vel
856 2950 985 3002 tuorum
1017 2938 1164 3020 quolibet
1194 2958 1431 3014 successorum,
1463 2937 1568 3000 nullus
1598 2937 1644 2999 ibi
1676 2937 1821 3019 qualibet

153 3027 364 3107 surreptionis
395 3027 514 3089 astutia
541 3048 597 3089 seu
628 3028 784 3091 violentia
810 3038 1019 3110 preponatur,
1052 3028 1111 3090 nisi
1142 3048 1238 3109 quem
1263 3027 1376 3089 iratres
1398 3027 1563 3089 communi
1587 3046 1748 3089 consensu
1771 3024 1820 3087 vel

154 3136 228 3196 pars
260 3115 385 3177 consilii
418 3116 554 3178 sanioris
586 3117 764 3179 secundum
796 3117 849 3181 dei
880 3118 1031 3180 timorem
1061 3127 1094 3179 et
1123 3117 1211 3179 beati
1242 3116 1412 3179 Benedicti
1443 3114 1588 3196 regulam
1619 3115 1820 3196 providerint

154 3204 349 3284 eligendum.
395 3205 608 3267 Decernimus
631 3226 719 3287 ergo,
752 3217 787 3268 ut
809 3206 886 3268 nulli
911 3207 1046 3268 omnino
1070 3207 1239 3268 hominum
1258 3204 1287 3288 ⁸)
1311 3225 1371 3266 nec
1395 3205 1553 3285 episcopo
1578 3204 1684 3278 liceat,
1714 3204 1820 3266 locum

154 3293 260 3374 ipsum
284 3303 405 3355 temere
428 3293 626 3374 perturbare,
651 3314 784 3375 gravare
808 3305 864 3358 aut
885 3296 976 3358 bona
998 3296 1066 3358 sive
1097 3295 1320 3376 possessiones
1343 3294 1444 3375 ipsius
1465 3294 1589 3356 auferre
1620 3293 1673 3355 vel
1696 3292 1820 3355 ablatas

154 3383 298 3457 retinere,
323 3383 466 3444 minuere
486 3404 542 3445 seu
567 3383 765 3464 quibuslibet
789 3384 942 3447 indebitis
964 3384 1193 3447 vexationibus
1215 3383 1267 3445 vel
1291 3383 1448 3445 molestiis
1471 3383 1615 3464 fatigare,
1639 3392 1691 3444 set
1712 3382 1820 3443 omnia

152 3470 279 3551 integra
302 3481 534 3534 conserventur
556 3492 678 3549 eorum,
709 3494 770 3555 pro
802 3494 940 3554 quorum
968 3473 1206 3555 gubernatione
1237 3482 1270 3534 et
1293 3472 1529 3534 sustentatione
1560 3490 1717 3534 concessa
1738 3480 1819 3543 sunt,

154 3560 265 3621 usibus
287 3560 487 3622 omnimodis
509 3560 685 3641 profutura.
730 3561 787 3624 Ad
819 3563 973 3625 indicium
1001 3573 1126 3637 autem,
1160 3563 1249 3642 quod
1280 3562 1369 3623 idem
1399 3561 1490 3623 locus
1519 3560 1607 3623 beati
1632 3560 1716 3623 Petri
1747 3559 1819 3620 iuris

153 3649 288 3723 existat,
329 3648 502 3710 duodecim
534 3650 684 3713 denarios
714 3652 890 3714 Luccensis
929 3661 1060 3735 monete
1099 3651 1196 3713 nobis
1227 3651 1411 3731 nostrisque
1448 3649 1690 3712 successoribus
1728 3648 1818 3710 annis

152 3737 287 3818 singulis
310 3737 511 3819 persolvetis.
558 3738 592 3802 Si
617 3760 681 3820 qua
697 3740 816 3821 igitur.
834 3790 839 3802 .
857 3790 863 3803 .
888 3738 1021 3803 Cunctis
1037 3750 1144 3802 autern
1163 3739 1409 3801 ...inveniant
1446 3737 1561 3801 Amen.
1585 3736 1676 3799 Am.
1700 3737 1816 3800 Amen.

363 3822 419 3909 (R)
442 3825 515 3908 Ego
538 3826 703 3890 Adrianus
727 3828 888 3916 catholice
910 3829 1046 3915 ecclesie
1070 3829 1246 3910 episcopus
1269 3849 1310 3890 ss
1333 3824 1395 3911 (M)

363 3914 383 3992 †
406 3916 479 3996 Ego
503 3913 640 3979 Cencius
662 3917 849 3980 Portuensis
872 3929 904 3981 et
927 3929 1039 3981 sancte
1062 3917 1181 3980 Rufine
1216 3911 1403 4000 episcopus]
1426 3936 1467 3979 ss.

365 4000 385 4084 †
408 4005 481 4086 Ego
505 4001 706 4089 Grlegorius)
729 4006 919 4070 Sabinensis
942 4009 1118 4089 episcopus
1140 4027 1180 4070 ss.
1217 4025 1242 4069 c.
1269 4004 1301 4089 5)

364 4128 408 4138 —
430 4090 450 4174 i
474 4093 547 4174 Ego
571 4094 743 4157 Hubaldus
766 4096 927 4176 presbiter
950 4096 1123 4158 cardinalis
1146 4096 1193 4158 tit
1216 4106 1330 4157 sancte
1353 4093 1510 4156 Praxedis
1533 4112 1574 4156 ss.

365 4178 385 4261 i
408 4182 481 4263 Ego
506 4181 695 4245 Manlredus
718 4185 879 4267 presbiter
901 4185 1073 4247 cardinalis
1096 4185 1144 4247 tit.
1168 4194 1280 4267 sancte
1303 4183 1422 4268 Savine
1445 4203 1486 4245 ss.
1510 4178 1551 4266 (c.
1574 4180 1609 4264 4)

365 4267 386 4351 †
408 4269 482 4352 Ego
505 4268 662 4335 Serardus
681 4269 710 4356 b)
734 4273 896 4354 presbiter
911 4274 1084 4336 cardinalis
1108 4274 1156 4335 tit.
1174 4273 1277 4335 sancti
1298 4270 1325 4356 ς)
1341 4272 1467 4337 Stelani
1491 4272 1523 4333 in
1541 4269 1633 4335 Celio
1649 4280 1763 4333 monte
1779 4289 1817 4331 ss.

364 4393 408 4404 -
431 4356 451 4440 i
475 4361 547 4441 Ego
571 4361 648 4425 Odo
673 4362 831 4425 diaconus
853 4363 1025 4425 cardinalis
1048 4363 1151 4425 sancti
1174 4361 1307 4443 Georgii
1331 4362 1374 4423 ad
1396 4358 1516 4423 Velum
1539 4355 1686 4444 audeum
1708 4355 1761 4443 ss]

365 4445 385 4528 i
408 4449 481 4529 Ego
505 4450 666 4513 Rodullus
689 4451 845 4514 diaconus
868 4451 1041 4514 cardinalis
1063 4462 1175 4514 sancte
1198 4451 1299 4514 Lucie
1322 4451 1354 4512 in
1378 4449 1481 4530 Septa
1503 4443 1596 4533 soli[s
1618 4443 1673 4533 ss]
1689 4445 1736 4532 (1)

365 4533 386 4617 †
409 4534 482 4618 Ego
505 4538 644 4601 lacintus
668 4540 824 4602 diaconus
847 4540 1019 4603 cardinalis
1042 4550 1154 4603 sancte
1178 4539 1281 4602 Marie
1305 4540 1337 4601 in
1361 4537 1554 4619 Cosmydyn
1578 4532 1644 4624 [ss]
1667 4534 1715 4621 (2)

366 4622 386 4706 †
409 4627 482 4707 Ego
505 4626 636 4690 Arditio
662 4628 817 4691 diaconus
841 4629 1014 4691 cardinalis
1038 4630 1141 4691 sancti
1165 4629 1332 4691 Theodori
1357 4620 1423 4712 [ss]
1447 4623 1493 4711 (1)

314 4714 389 4776 Dat.
406 4715 567 4791 Laterani,
591 4737 651 4797 per
673 4737 806 4779 manum
822 4716 973 4794 Rolandi‚
997 4729 1108 4781 sancte
1124 4719 1274 4780 Romane
1297 4717 1432 4780 ecclesie
1455 4713 1626 4796 presbiteri
1650 4715 1866 4778 cardinali&

156 4811 188 4864 et
211 4801 401 4865 cancellarii.
440 4801 493 4866 Kl.
511 4806 604 4867 Mart.
642 4805 872 4868 Indictionev.
911 4808 1146 4870 lucarnationis
1170 4807 1334 4869 dominice
1350 4825 1436 4868 anno
1452 4814 1573 4867 MCLVI.
1610 4804 1866 4868 Pontificatusff

155 4911 234 4952 vero
259 4891 371 4954 domni
395 4892 534 4955 Adriani
558 4914 614 4975 pp.
638 4908 689 4956 1111
714 4941 721 4956 .
747 4942 753 4955 .
778 4945 784 4957 .
811 4944 817 4957 .

317 5005 359 5055 Or.
378 5005 536 5066 (Atropasmio
555 5009 568 5055 1
588 5006 672 5056 Marco
691 5010 778 5071 1156),
797 5009 829 5057 im
847 5008 962 5057 Archivrb
979 5007 1007 5057 di
1022 5009 1089 5057 Stulo
1106 5026 1136 5058 su
1153 5011 1243 5059 Lucra.

317 5076 385 5142 Perg.
402 5077 462 5136 ital„
487 5078 521 5126 br.
542 5079 627 5137 uteo,
654 5081 714 5145 lang
731 5082 814 5140 0,655,
838 5088 912 5128 unten
930 5081 992 5140 0,03
1009 5081 1198 5147 umgeschlagm,
1223 5082 1300 5130 durch
1323 5081 1380 5130 araci
1396 5081 1488 5131 Lirim
1500 5079 1562 5147 grirg
1584 5079 1622 5130 die
1639 5080 1866 5139 saranum,

155 5146 241 5196 rutiche
264 5146 309 5195 nrr't
325 5149 377 5197 dem
396 5149 520 5215 Bleririegel
538 5151 658 5209 verloren,
685 5151 793 5218 Faltung
818 5151 861 5201 der
877 5152 974 5204 Bullen.
1015 5152 1089 5201 Uebcr
1103 5153 1247 5217 Riugkrem,
1276 5153 1333 5202 Um·
1358 5155 1414 5202 und
1432 5152 1597 5218 Unterscltrist
1621 5152 1702 5202 rachis
1719 5154 1866 5203 Sitheus-¹·

155 5234 185 5265 cu
201 5232 281 5283 sagen.
318 5220 448 5285 Datimng
463 5236 517 5269 vom
536 5221 824 5286 Hmiptkirperscireiber,
850 5224 894 5272 das
912 5223 935 5271 R
952 5224 1061 5272 Rolands
1077 5225 1122 5272 mi!
1139 5226 1268 5273 diaenklerer
1284 5225 1359 5273 Dinle
1382 5226 1533 5291 eingetragen
1576 5225 1624 5273 Die
1643 5224 1866 5291 Zeugeiefinnerrfl

155 5288 262 5339 schet‘mn
285 5306 332 5339 von
346 5291 451 5355 gleicher
467 5291 549 5351 Dim,
564 5299 688 5356 grisseren
710 5294 789 5344 Titiis
806 5296 868 5344 arech
893 5310 940 5343 von
964 5295 1008 5344 der
1028 5296 1165 5345 ndnrlichen
1182 5296 1262 5345 Hand
1284 5296 1455 5346 demaratum.
1496 5297 1574 5345 Unten
1599 5296 1676 5345 rachis
1693 5297 1732 5345 ein
1751 5285 1866 5344 Sitit?

155 5376 209 5409 vom
231 5362 384 5427 Pngurnmre
400 5363 581 5428 abgesclmilleu.

460 5526 577 5533 ...μη-..κη-

315 5643 341 5706 a)
359 5637 418 5685 bom
439 5675 444 5687 .
464 5677 469 5689 .
490 5676 495 5687 .
516 5655 540 5686 m
559 5641 610 5704 aus
624 5642 707 5690 Rumr
777 5642 804 5701 b)
824 5642 884 5691 Sera
902 5643 954 5706 ares
968 5645 1056 5701 lt'asur,
1076 5642 1118 5690 lies
1136 5643 1159 5691 G
1178 5645 1269 5692 suns
1341 5644 1598 5711 c)k0m'gr'r1uuse.
