3982 6194
1789 275 1826 344 71

152 451 317 539 Stephani
342 453 385 518 de
409 453 483 517 villa
499 452 611 536 Regia,
636 446 806 515 ecclesiam
830 447 933 511 sancti
950 442 1109 529 Stephani
1133 447 1175 510 de
1199 456 1306 511 castro
1329 451 1431 513 sancti
1449 446 1579 513 Romuli
1595 472 1669 513 cum
1694 451 1831 513 decimis

153 556 187 609 et
211 545 437 609 oblationibus
461 543 596 625 aliisque
620 541 717 604 rebus
741 540 783 603 ad
808 539 941 601 easdem
966 537 1120 600 ecclesias
1147 538 1393 619 pertinentibus.
1439 540 1594 602 Decimas
1618 560 1750 621 quoque
1774 562 1831 603 seu

153 636 328 716 cymiteria
354 653 415 696 nec
447 653 511 695 non
537 642 569 695 et
592 632 740 713 antiquas
764 637 888 691 vestras
913 627 1172 701 consuetudines,
1203 646 1283 707 quas
1307 627 1463 691 hactenus
1486 630 1572 692 idem
1598 632 1829 692 monasterium

155 727 268 805 quiete
285 724 431 787 noscitur
446 720 608 796 habuisse,
630 721 726 783 vobis
742 716 967 781 nichilominus
983 716 1185 780 roboramus
1224 717 1403 781 Statuimus
1424 720 1533 792 etiam,
1557 740 1597 781 ne
1613 720 1655 782 ab
1672 723 1831 802 episcopo

153 814 208 878 vel
231 833 367 876 suorum
391 812 542 892 quolibet
563 828 789 877 successorum
813 807 936 870 ibidem
960 807 1067 868 divina
1091 806 1199 868 officia
1226 807 1467 883 interdicantur,
1499 810 1556 870 nisi
1582 829 1642 890 pro
1666 812 1831 872 communi

154 903 254 986 culpa
284 902 362 965 cleri
385 901 438 964 vel
470 900 595 983 populi.
640 899 807 962 Laborum
831 915 964 977 quoque
993 905 1184 970 vestrorum,
1217 916 1301 977 quos
1332 899 1474 978 propriis
1503 899 1688 979 sumptibus
1717 899 1833 973 colitis,

154 994 304 1056 decimas
334 1013 354 1054 a
384 990 479 1053 vobis
510 991 598 1072 exigi
631 987 828 1052 omnimodis
858 985 1081 1068 prohibemus.
1134 984 1371 1048 Verumtamen
1403 989 1435 1048 in
1466 987 1660 1067 supradictis
1691 987 1832 1051 ecclesiis

157 1081 346 1145 ordinandis
369 1101 408 1143 ac
432 1079 655 1162 disponendis,
679 1084 836 1157 quantum
859 1076 902 1137 ad
927 1075 1122 1155 temporalia
1146 1075 1295 1156 pertinet,
1319 1083 1418 1157 atque
1435 1077 1466 1137 in
1487 1076 1643 1158 eligendis
1660 1098 1717 1139 seu
1734 1080 1833 1140 intro·

156 1171 319 1234 ducendis
343 1169 534 1252 presbiteris
556 1169 588 1231 in
619 1168 751 1230 easdem
784 1164 955 1240 ecclesias,
988 1184 1071 1243 quos
1104 1173 1159 1226 tua
1189 1164 1240 1227 vel
1271 1184 1495 1227 successorum
1527 1174 1656 1229 tuorum
1680 1167 1832 1230 discretio

158 1260 253 1323 utiles
279 1268 313 1322 et
335 1259 474 1321 idoneos
497 1258 567 1321 fore
591 1257 781 1329 decreverit,
811 1263 844 1317 et
874 1254 1065 1317 removendi
1090 1273 1148 1316 eos
1172 1254 1256 1328 inde,
1287 1255 1313 1315 si
1336 1257 1426 1335 pravi
1450 1254 1502 1317 vel
1524 1256 1748 1319 inobedientes
1772 1257 1832 1319 tibi

157 1358 191 1413 et
210 1352 277 1412 tuis
300 1347 545 1411 successoribus
569 1347 695 1421 fuerint,
717 1354 783 1407 tam
808 1352 853 1420 tu,
877 1363 974 1424 quam
999 1363 1203 1405 successores
1226 1345 1273 1405 tui
1298 1343 1447 1406 habeatis
1471 1344 1606 1408 liberam
1631 1345 1833 1420 facultatem;

157 1442 203 1502 ita
225 1438 394 1512 videlicet,
418 1446 461 1513 ut,
485 1457 559 1500 cum
575 1458 595 1499 a
618 1444 652 1498 te
667 1435 719 1498 vel
741 1435 805 1497 tuis
828 1433 1071 1496 successoribus
1087 1432 1203 1514 prefati
1218 1435 1406 1495 sacerdotes
1423 1433 1543 1496 fuerint
1558 1434 1663 1511 electi,
1686 1437 1833 1498 Ianuensi

158 1527 411 1610 archiepiscopo
435 1535 662 1608 presententur
685 1532 718 1587 et
741 1543 851 1586 curam
875 1524 1053 1585 animarum
1077 1521 1120 1584 ab
1144 1543 1184 1584 eo
1214 1525 1381 1604 recipiant,
1409 1523 1470 1585 sibi
1502 1525 1634 1605 quidem
1669 1525 1711 1587 de
1741 1527 1834 1609 spiri·

158 1617 310 1693 tualibus,
340 1616 401 1678 tibi
424 1635 503 1678 vero
527 1617 569 1678 de
592 1613 829 1697 temporalibus
853 1615 1048 1694 responsuri,
1079 1612 1161 1673 sicut
1184 1614 1216 1673 in
1241 1612 1358 1693 prefati
1381 1613 1623 1694 predecessoris
1647 1617 1748 1676 nostri
1772 1616 1834 1697 pri·

157 1708 278 1788 vilegio
313 1707 506 1768 continetur.
559 1702 767 1787 Sepulturam
800 1721 933 1784 quoque
963 1702 1057 1764 vobis
1087 1701 1223 1764 liberam
1254 1721 1326 1764 esse
1357 1702 1577 1778 decernimus,
1618 1712 1652 1766 ut
1683 1704 1836 1767 videlicet

160 1817 284 1870 eorum,
316 1797 373 1874 qui
406 1813 442 1857 se
472 1793 537 1857 illic
566 1792 697 1875 sepeliri
729 1791 991 1864 deliberaverint,
1024 1791 1192 1853 devotioni
1223 1799 1256 1853 et
1287 1800 1434 1854 extreme
1464 1790 1629 1869 voluntati,
1661 1794 1718 1856 nisi
1749 1793 1835 1857 forte

160 1884 440 1948 excommunicati
471 1885 550 1958 sint,
584 1882 690 1945 nullus
723 1881 871 1955 obsistat,
901 1889 951 1943 set
981 1882 1051 1943 sine
1083 1879 1233 1942 molestia
1265 1883 1375 1960 quiete
1398 1880 1494 1943 vobis
1517 1891 1716 1963 permaneat,
1748 1882 1835 1946 salva

160 1975 282 2037 iustitia
306 1970 520 2056 parrochialis
543 1970 687 2034 ecclesie.
735 1970 887 2033 Preterea
911 1970 1103 2053 presbitero,
1129 1969 1297 2051 capellano
1323 1972 1364 2033 de
1389 1970 1525 2033 ecclesia
1548 1975 1652 2035 sancti
1669 1972 1835 2055 Stephani,

161 2084 224 2143 que
248 2063 312 2125 sita
335 2063 441 2124 estin
464 2069 572 2124 castro
596 2062 698 2123 sancti
722 2058 862 2136 Romuli,
891 2058 1113 2142 parrochianis
1144 2061 1209 2122 suis
1240 2058 1283 2121 ab
1314 2058 1375 2122 hac
1399 2062 1465 2123 vita
1495 2061 1708 2143 migrantibus
1736 2062 1835 2124 dandi

160 2154 377 2235 penitentiam
401 2149 537 2214 liberam
562 2149 747 2213 facultatem
772 2149 993 2211 concedimus.
1040 2149 1153 2211 Liceat
1175 2158 1285 2210 autem
1315 2149 1419 2224 vobis,
1450 2152 1715 2232 competentibus
1739 2151 1835 2224 horis,

162 2251 307 2324 excepto
331 2240 473 2303 sabbato
496 2247 619 2314 sancto,
651 2240 692 2301 ad
716 2240 825 2301 divina
849 2237 958 2301 officia
981 2239 1108 2317 absque
1132 2236 1263 2300 alicuius
1287 2240 1544 2302 contradictione
1568 2260 1744 2322 campanas
1768 2240 1836 2323 pul·

161 2352 241 2407 sare,
276 2331 339 2392 nisi
369 2331 602 2392 monasterium
636 2329 742 2410 ipsum
771 2326 866 2390 fuerit
888 2328 1103 2390 interdictum.
1148 2326 1364 2391 Prohibemus
1388 2347 1530 2410 quoque,
1564 2337 1599 2390 ut
1626 2330 1731 2392 nullus
1755 2331 1836 2393 infra

159 2418 349 2504 parrochias
372 2427 497 2482 vestras
520 2439 640 2481 novam
664 2416 837 2480 ecclesiam
860 2416 913 2479 vel
938 2416 1096 2499 capellam
1121 2416 1271 2480 edificare
1295 2428 1470 2501 presumat.
1517 2418 1732 2482 Decernimus
1748 2440 1836 2502 ergo,

160 2520 194 2572 ut
217 2509 301 2573 nulli
326 2509 460 2571 omnino
491 2506 659 2570 hominum
690 2505 796 2582 liceat,
827 2506 915 2569 idem
947 2507 1179 2569 monasterium
1203 2515 1329 2570 temere
1351 2506 1550 2590 perturbare,
1582 2517 1639 2570 aut
1669 2512 1737 2572 eius
1761 2531 1837 2591 pos·

160 2602 326 2662 sessiones
359 2596 487 2660 auferre
510 2597 561 2659 vel
595 2594 720 2659 ablatas
752 2595 904 2669 retinere,
936 2598 1081 2658 minuere
1112 2617 1169 2659 seu
1202 2596 1398 2678 quibuslibet
1427 2598 1658 2660 vexationibus
1689 2599 1835 2682 fatigare,

160 2689 218 2751 sed
243 2688 356 2751 omnia
377 2687 502 2768 integra
525 2693 756 2748 conserventur
779 2704 901 2760 eorum,
932 2705 992 2767 pro
1022 2705 1161 2765 quorum
1184 2685 1422 2767 gubernatione
1445 2695 1479 2748 et
1501 2691 1736 2752 sustentatione
1760 2710 1835 2751 con-

161 2798 252 2841 cessa
276 2783 361 2851 sunt,
393 2775 506 2837 usibus
530 2774 725 2836 omnimodis
748 2773 926 2855 profutura,
958 2773 1048 2837 salva
1078 2777 1110 2837 in
1144 2775 1294 2837 omnibus
1318 2774 1499 2856 apostolice
1523 2778 1611 2839 sedis
1634 2778 1835 2852 auctoritate,

161 2876 193 2930 et
216 2866 386 2929 diocesani
409 2865 558 2947 episcopi
582 2865 739 2926 canonica
763 2864 892 2925 iustitia.
939 2862 994 2925 Ad
1012 2863 1073 2926 hec
1086 2866 1264 2926 adicientes
1279 2864 1458 2940 statuimus,
1483 2873 1526 2940 ut,
1554 2874 1730 2948 postquam
1747 2869 1835 2930 sedis

161 2955 346 3038 apostolice
369 2955 568 3019 audientiam
592 2955 624 3014 in
646 2954 762 3014 vestris
785 2953 1028 3034 gravaminibus
1050 2953 1301 3035 appellaveritis,
1331 2953 1406 3016 nulli
1430 2953 1565 3017 facultas
1588 2957 1637 3029 sit,
1661 2977 1834 3037 gravamen

161 3045 256 3107 vobis
280 3044 334 3106 vel
357 3044 504 3105 iniuriam
528 3045 680 3124 irrogare.
727 3038 762 3103 Si
786 3062 850 3122 qua
874 3042 968 3123 igitur
995 3044 1026 3104 in
1051 3042 1193 3104 futurum
1218 3043 1437 3106 ecclesiastica
1469 3043 1664 3108 secularisve
1696 3067 1836 3128 persona

163 3143 286 3209 contra,
315 3132 412 3195 huius
444 3140 553 3194 nostre
578 3131 820 3193 constitutionis
843 3131 995 3212 paginam
1018 3133 1138 3205 sciens
1163 3140 1286 3196 temere
1310 3135 1420 3195 venire
1443 3135 1660 3215 temptaverit,
1691 3137 1836 3198 secundo

162 3224 302 3287 tertiove
327 3223 536 3295 commonita,
559 3222 585 3282 si
610 3241 676 3283 non
692 3228 817 3282 reatum
833 3240 925 3283 suum
943 3220 1039 3302 digna
1055 3222 1274 3284 satisfactione
1290 3225 1478 3296 correxerit,
1503 3226 1675 3306 potestatis
1691 3224 1837 3288 honoris·

164 3333 226 3392 que
248 3314 300 3374 sui
326 3312 485 3394 dignitate
518 3318 629 3372 careat
661 3328 816 3390 reamque
845 3329 882 3372 se
912 3310 1021 3373 divino
1054 3313 1173 3373 iudicio
1206 3311 1345 3374 existere
1376 3313 1418 3374 de
1449 3321 1638 3394 perpetrata
1668 3316 1837 3397 iniquitate

163 3409 354 3484 cognoscat,
378 3409 412 3462 et
434 3420 454 3461 a
475 3399 694 3462 sacratissimo
718 3418 857 3479 corpore
881 3419 919 3462 ac
943 3402 1098 3482 sanguine
1122 3401 1173 3462 dei
1197 3411 1230 3462 et
1245 3402 1380 3477 domini,
1405 3403 1623 3482 redemptoris
1648 3407 1748 3467 nostri
1765 3406 1837 3468 Iesu

163 3490 291 3566 Christi,
316 3487 502 3562 alienafiat,
526 3496 625 3569 atque
647 3488 679 3549 in
702 3495 851 3550 extremo
876 3491 1026 3552 examine
1049 3489 1195 3552 districte
1220 3490 1331 3552 ultioni
1352 3491 1528 3553 subiaceat.
1575 3489 1706 3557 Cunctis
1722 3504 1839 3569 autem,

164 3581 271 3643 eidem
307 3579 383 3642 loco
414 3598 473 3640 sua
506 3579 574 3640 iura
605 3576 818 3652 servantibus,
849 3579 892 3639 sit
921 3598 987 3659 pax
1017 3579 1140 3641 domini
1165 3579 1267 3641 nostri
1291 3579 1363 3642 Iesu
1387 3579 1516 3648 Christi,
1548 3583 1698 3658 quatinus
1731 3584 1840 3647 ethic

163 3669 305 3732 fructum
336 3668 427 3731 bone
459 3666 595 3729 actionis
625 3666 807 3748 percipiant
836 3675 869 3728 et
899 3667 987 3748 apud
1019 3668 1201 3731 districtum
1233 3669 1374 3731 iudicem
1398 3669 1524 3751 premia
1547 3678 1658 3736 eterne
1681 3675 1771 3755 pacis
1796 3676 1840 3735 in·

164 3762 306 3822 veniant.
353 3757 473 3819 Amen.
497 3753 616 3817 Amen.
638 3755 758 3818 Amen.

427 3847 438 3924 )
462 3844 536 3926 Ego
559 3843 724 3925 Eugenius
748 3841 907 3905 catholice
931 3843 1068 3907 ecclesie
1092 3846 1268 3928 episcopus
1290 3866 1331 3907 ss.
1355 3847 1421 3928 (M)

426 3933 499 4015 Ego
524 3930 799 4014 GG‚(Gregorius)
823 3932 985 4012 presbiter
1009 3935 1180 3997 cardinalis
1202 3937 1249 4006 tit.
1274 3934 1390 3998 Calixti
1413 3957 1454 3997 ss.

382 4020 403 4104 †
427 4020 500 4104 Ego
523 4018 701 4083 Nicholaus
725 4021 888 4101 presbiter
911 4021 1080 4085 cardinalis
1104 4025 1151 4086 tit.
1174 4027 1278 4087 sancti
1302 4024 1430 4104 Cyriaci
1452 4044 1493 4087 ss.

382 4109 404 4194 †
428 4111 500 4193 Ego
524 4108 632 4173 Guido
656 4109 818 4192 presbiter
842 4110 1012 4173 cardinalis
1036 4112 1081 4174 tit.
1105 4122 1293 4176 sanctorum
1316 4115 1481 4178 Laurentii
1507 4123 1539 4177 et
1562 4116 1697 4179 Damasi
1721 4137 1762 4179 ss

383 4197 404 4284 †
427 4199 500 4282 Ego
523 4196 627 4279 Syrus
650 4200 815 4262 Ianuensis
839 4199 1107 4282 archiepiscopus
1131 4222 1172 4265 ss.

382 4323 428 4334 -
450 4286 471 4373 †
494 4290 568 4371 Ego
592 4286 660 4351 Oto
684 4288 843 4352 diaconus
867 4289 1037 4352 cardinalis
1060 4292 1163 4353 sancti
1188 4289 1319 4374 Georgii
1342 4294 1383 4356 ad
1408 4293 1527 4358 Velum
1552 4315 1685 4358 aureum
1709 4315 1751 4356 ss.

383 4375 404 4462 †
427 4377 500 4460 Ego
525 4375 635 4441 Guido
658 4376 816 4441 diaconus
840 4378 1013 4442 cardinalis
1036 4389 1223 4444 sanctorum
1247 4381 1366 4446 Cosme
1390 4391 1423 4446 et
1446 4386 1598 4448 Damiani
1620 4406 1661 4447 ss.

383 4465 404 4549 †
427 4465 500 4550 Ego
524 4464 687 4529 Iohannes
710 4468 867 4531 diaconus
891 4469 1065 4532 cardinalis
1089 4472 1192 4532 sancti
1216 4471 1354 4535 Adriani
1377 4492 1419 4535 ss.

383 4554 404 4638 †
427 4554 500 4638 Ego
526 4554 703 4637 Gregorius
726 4558 886 4620 diaconus
910 4558 1081 4620 cardinalis
1104 4562 1208 4621 sancti
1231 4559 1352 4643 Angeli
1376 4583 1419 4624 ss.

382 4643 404 4728 †
427 4644 500 4727 Ego
523 4644 709 4707 Bernardus
732 4646 889 4709 diaconus
913 4647 1084 4710 cardinalis
1108 4658 1219 4712 sancte
1242 4649 1390 4714 Romane
1415 4650 1551 4715 ecclesie
1574 4672 1614 4715 ss.
1676 4655 1689 4667 ”

382 4732 404 4817 †
428 4734 500 4816 Ego
523 4733 682 4796 Iordanus
705 4734 862 4798 diaconus
886 4737 1057 4799 cardinalis
1081 4746 1193 4801 sancte
1217 4739 1365 4802 Romane
1389 4741 1525 4803 ecclesie
1547 4761 1589 4804 ss.

383 4821 404 4907 †
427 4822 500 4906 Ego
525 4821 671 4886 Cinthius
695 4824 853 4888 diaconus
876 4826 1047 4889 cardinalis
1071 4837 1257 4890 sanctorum
1281 4829 1384 4911 Sergii
1409 4839 1441 4891 et
1464 4829 1565 4893 Bachi
1588 4851 1629 4892 ss.

328 4910 453 4974 Datum
469 4911 605 4988 Viterbi,
629 4931 689 4994 per
711 4933 843 4977 manum
859 4915 1005 4991 Roberti,
1029 4925 1141 4980 sancte
1156 4916 1305 4980 Romane
1322 4918 1460 4981 ecclesie
1476 4919 1648 5001 presbiteri
1670 4920 1842 4983 cardinalis

166 5012 200 5065 et
222 5000 418 5064 cancellarii.
457 5015 505 5063 xv
521 5002 574 5064 Kl.
591 4999 682 5084 Sept.
720 5002 902 5066 lndictione
927 5017 997 5068 v111.
1035 5005 1268 5069 Incarnationis
1291 5009 1455 5072 dominice
1479 5030 1564 5072 anno
1589 5023 1720 5072 MCXLV.
1760 5013 1843 5073 Pon-

164 5091 307 5155 tifrcatus
331 5112 411 5182 vero
435 5091 549 5153 domni
573 5089 710 5173 Eugenii
735 5106 773 5155 111
796 5114 852 5175 pp.
875 5114 961 5157 anno
986 5108 1007 5155 1.

329 5205 454 5268 Abscanst
470 5206 514 5253 der
531 5204 637 5254 Miscell.
656 5205 683 5253 di
700 5207 763 5255 Stor.
782 5206 836 5271 Lig.
855 5207 888 5255 Il
895 5215 923 5271 p.
943 5211 967 5270 9,
987 5208 1013 5256 in
1031 5209 1075 5258 der
1091 5209 1155 5259 Bibl.
1177 5210 1272 5270 Civica;
1295 5213 1380 5276 Reges!
1397 5212 1441 5260 der
1458 5213 1561 5263 Dorum.
1584 5214 1671 5266 Gerrov.
1694 5214 1723 5263 G.
1742 5213 1795 5263 Vll
1809 5217 1843 5263 33

159 5285 188 5342 p.
208 5279 251 5336 17,
271 5277 315 5325 der
332 5277 397 5325 Bibl,
415 5277 471 5325 dell‘
493 5275 629 5327 Universr'lr'a
646 5293 676 5325 zu
698 5278 790 5327 Genua.

186 5418 226 5469 ‘M
328 5347 441 5469 5315th
457 5348 501 5397 ist:
518 5349 688 5415 „Pergama
705 5349 857 5408 mancam
874 5349 910 5398 bei
929 5351 975 5399 den
992 5350 1099 5417 ngen:
1116 5352 1170 5412 „Lo
1188 5353 1252 5400 sless’
1274 5353 1384 5404 ordimr‘
1408 5384 1434 5392 -
1459 5355 1554 5405 Contra
1575 5357 1601 5405 in
1625 5358 1668 5407 der
1688 5358 1845 5408 comminatio

164 5426 187 5467 s!
244 5424 345 5486 imgrw
390 5419 436 5470 ic.
