3982 6194
1775 276 1836 341 ¹09

904 441 973 517 Nr.
1002 446 1088 518 105.

152 570 267 654 Eugen
285 568 329 634 Il
328 569 352 633 I
362 568 481 632 reivrmt
501 567 563 631 das
588 562 720 628 Kloster
732 562 804 628 San
821 563 992 629 Salvatoee
1007 563 1048 630 de'
1062 565 1253 651 Gessolengo
1269 568 1327 648 (D.
1344 566 1527 648 Piizcenea)
1551 569 1589 634 in
1608 565 1839 654 apostoliscten

607 652 727 719 Schute
748 655 818 718 und
841 655 994 738 bestdtrgt
1014 655 1126 722 dessen
1150 658 1396 724 Besitelleiimer.

745 764 827 824 1151
848 761 1034 826 November
1051 766 1106 826 28.
1145 762 1253 847 Segni.

316 882 484 966 Eugenius
507 880 693 962 episcopus,
717 899 828 942 servus
851 901 1019 944 servorum
1036 882 1097 956 dei,
1123 882 1249 945 dilectis
1270 882 1344 946 filiis
1360 882 1510 958 Sansoni‚
1534 883 1634 965 priori
1651 881 1840 945 monasterii

153 974 260 1038 sancti
286 970 476 1047 SalvatoriS,
508 969 599 1052 quod
624 970 657 1031 in
689 969 851 1032 territorio
875 970 1066 1033 Placentino
1098 972 1188 1034 iuxta
1212 970 1445 1053 Goxolengum
1469 973 1579 1049 (situm
1604 976 1674 1048 est),
1706 972 1840 1052 eiusque

154 1064 318 1139 fratribus
350 1071 420 1125 tam
443 1059 650 1143 presentibus
674 1079 774 1140 quam
798 1057 921 1135 futuris,
952 1060 1141 1141 regulariter
1163 1062 1406 1137 substituendis,
1441 1063 1473 1124 in
1497 1073 1701 1144 perpetuum.
1747 1060 1840 1123 Desi·
1875 1124 1879 1130 ,

155 1155 292 1229 derium,
317 1151 410 1233 quod
434 1151 476 1212 ad
501 1149 666 1230 religionis
690 1149 898 1229 propositum
923 1160 955 1212 et
979 1151 1159 1212 animarum
1183 1152 1322 1213 salutem
1338 1152 1501 1233 pertinere
1522 1162 1682 1226 noscatur,
1708 1160 1841 1213 auctore

155 1248 218 1306 deo
245 1243 320 1306 sine
348 1241 460 1322 aliqua
482 1251 532 1302 est
555 1239 719 1301 dilacione
742 1237 987 1319 complendum.
1033 1240 1229 1321 Eapropter,
1262 1242 1371 1303 dilecti
1404 1241 1436 1303 in
1468 1241 1604 1303 domino
1628 1241 1694 1316 filii,
1726 1240 1841 1302 vestris

155 1333 247 1396 iustis
271 1329 494 1413 peticionibus
517 1328 695 1391 clementer
718 1327 898 1403 annuimus,
931 1339 964 1391 et
995 1329 1158 1410 prelatum
1183 1331 1427 1406 monasterium,
1461 1331 1492 1392 in
1525 1351 1591 1412 quo
1617 1331 1728 1392 divino
1752 1349 1841 1391 man·

155 1423 256 1504 cipati
289 1421 368 1484 estis
398 1419 579 1499 obsequio,
613 1417 673 1479 sub
708 1415 797 1479 beati
826 1417 912 1479 Petri
945 1426 978 1480 et
1009 1429 1121 1481 nostra
1151 1421 1358 1500 protectione
1389 1421 1583 1501 suscipimus
1618 1430 1652 1482 et
1682 1419 1842 1501 presentis

155 1511 269 1593 scripti
301 1509 474 1592 privilegio
507 1507 756 1570 communimus
810 1505 1016 1583 Statuentes,
1047 1518 1083 1570 ut
1116 1530 1338 1590 quascumque
1369 1510 1604 1591 possessiones,
1636 1528 1843 1590 quecumque

155 1603 246 1665 bona
278 1600 368 1662 idem
396 1597 631 1662 monasterium
661 1597 695 1658 in
725 1596 967 1677 presenciarum
991 1597 1074 1660 iuste
1098 1609 1131 1660 et
1154 1600 1313 1662 canonice
1337 1599 1520 1680 possideat,
1552 1609 1608 1661 aut
1639 1599 1670 1661 in
1700 1598 1842 1661 futurum

156 1690 374 1754 concessione
403 1685 608 1771 pontificum,
639 1685 817 1767 largicione
849 1706 962 1768 regum
993 1687 1044 1749 vel
1076 1689 1280 1770 principum,
1312 1689 1487 1751 oblacione
1514 1687 1658 1751 fidelium
1692 1709 1748 1750 seu
1773 1687 1843 1750 aliis

156 1781 248 1844 iustis
289 1779 399 1841 modis
431 1777 494 1840 deo
526 1776 678 1858 propicio
717 1775 840 1855 poterit
877 1776 1032 1856 adipisci,
1073 1776 1168 1839 firma
1196 1778 1291 1840 vobis
1323 1778 1504 1859 vestrisque
1535 1777 1778 1840 successoribus
1810 1786 1843 1839 et

157 1870 285 1934 illibata
308 1875 533 1950 permaneant.
578 1866 615 1927 In
640 1863 759 1946 quibus
789 1864 851 1926 hec
884 1866 1025 1947 propriis
1057 1867 1210 1929 duximus
1243 1868 1460 1949 exprimenda
1490 1867 1695 1930 nominibus:
1735 1867 1843 1928 locum

157 1962 276 2041 ipsum,
300 1959 334 2020 in
351 1978 417 2039 quo
441 1956 624 2018 antefatum
648 1955 883 2017 monasterium
905 1954 1004 2018 situm
1021 1965 1078 2031 est,
1103 1977 1177 2018 cum
1202 1958 1355 2019 omnibus
1380 1957 1583 2038 pertinentiis
1607 1956 1681 2031 suis,
1705 1965 1844 2037 pontem

157 2048 280 2112 Trebie
303 2067 379 2110 cum
402 2046 499 2110 bonis
522 2055 555 2108 et
571 2043 725 2106 omnibus
745 2044 955 2124 pertinenciis
972 2046 1045 2121 suis,
1071 2046 1352 2126 quemadmodum
1369 2067 1389 2108 a
1404 2046 1493 2109 bone
1509 2047 1667 2108 memorie
1682 2045 1843 2121 Arduin0,

157 2138 353 2201 Placentino
377 2137 537 2218 episcopo
556 2134 590 2211 ¹),
624 2142 657 2196 et
679 2133 830 2207 Nicola0,
861 2144 987 2197 rectore
1020 2136 1121 2216 ipsius
1153 2137 1273 2216 pontis,
1305 2146 1404 2217 atque
1436 2136 1624 2199 consulibus
1646 2135 1845 2198 Placentinis

157 2227 361 2290 monasterio
383 2236 492 2288 vestro
516 2233 629 2287 sancte
645 2223 749 2285 Marie
773 2223 815 2285 de
830 2223 971 2286 Pulsano
996 2225 1186 2287 racionabili
1203 2226 1416 2307 providencia
1436 2245 1627 2288 concessum
1652 2236 1710 2287 est.
1757 2224 1845 2288 Sane

157 2317 310 2380 laborum
333 2326 525 2389 vestrorum,
558 2334 641 2396 quos
664 2313 806 2394 propriis
838 2312 989 2375 manibus
1018 2325 1074 2377 aut
1097 2315 1283 2396 sumptibus
1314 2315 1435 2390 colitis,
1468 2316 1536 2377 sive
1568 2315 1609 2377 de
1640 2314 1845 2376 nutrimentis

156 2418 343 2470 vestrorum
372 2404 563 2469 animalium
595 2402 702 2465 nullus
734 2402 869 2464 omnino
897 2423 917 2464 a
943 2403 1039 2465 vobis
1073 2405 1217 2466 decimas
1248 2405 1379 2485 exigere
1407 2413 1583 2485 presumat.
1629 2404 1845 2466 Decemimus

157 2517 246 2578 erg0,
279 2507 316 2559 ut
347 2494 425 2557 nulli
458 2493 594 2556 omnino
625 2491 796 2554 hominum
829 2491 933 2577 liceat,
962 2491 1126 2574 prelatum
1154 2495 1388 2556 monasterium
1420 2503 1543 2556 temere
1566 2493 1757 2575 perturbare
1789 2502 1845 2555 aut

157 2591 227 2653 eius
250 2585 480 2669 possessiones
511 2581 637 2645 aniene
667 2582 719 2644 vel
750 2581 878 2643 ablatas
909 2583 1048 2644 retinere
1078 2592 1135 2645 aut
1158 2583 1321 2665 aliquibus
1349 2583 1584 2645 vexacionibus
1609 2582 1754 2663 fatigare,
1785 2582 1845 2644 sed

158 2678 272 2742 omnia
287 2678 417 2756 integra
432 2682 673 2746 conserventur,
693 2671 809 2733 vestris
825 2681 859 2733 et
874 2671 1020 2747 aliorum,
1037 2692 1098 2753 pro
1116 2693 1254 2754 quorum
1270 2671 1514 2753 gubernacione
1529 2683 1562 2735 et
1578 2671 1845 2735 substentacione

158 2787 320 2832 concessa
345 2773 436 2838 sunt,
469 2761 581 2825 usibus
604 2760 806 2823 omnimodis
830 2759 1009 2841 profutura,
1033 2761 1124 2824 salva
1154 2762 1241 2824 sedis
1264 2762 1447 2844 apostolice
1470 2762 1673 2824 auctoritate.
1720 2761 1755 2825 Si
1780 2780 1846 2842 qua

158 2860 258 2942 igitur
280 2858 315 2919 in
344 2854 486 2917 futurum
518 2850 740 2913 ecclesiastica
767 2850 962 2912 secularisve
992 2871 1143 2933 persona,
1175 2851 1261 2914 hanc
1285 2862 1395 2914 nostre
1418 2851 1666 2914 constitucionis
1689 2851 1845 2933 paginam

157 2950 275 3023 sciens,
300 2955 417 3009 contra
432 2962 506 3004 eam
526 2949 649 3003 temere
672 2940 782 3002 venire
805 2941 1024 3020 temptaverit,
1048 2941 1193 3003 secundo
1217 2942 1361 3004 terciove
1385 2942 1596 3016 commonita,
1620 2941 1646 3003 si
1670 2960 1737 3002 non
1754 2940 1844 3003 satis·

159 3038 290 3102 sacione
321 3052 468 3115 congrua
498 3030 737 3104 emendaverit,
770 3030 946 3110 potestatis
980 3029 1182 3111 honorisque
1212 3032 1260 3092 sui
1294 3031 1453 3112 dignitate
1483 3040 1592 3093 careat
1623 3050 1779 3111 reamque
1810 3050 1846 3093 se

159 3129 273 3191 divino
299 3123 421 3188 iudicio
446 3122 586 3184 existere
609 3119 651 3182 de
675 3128 864 3200 perpetrata
888 3117 1060 3199 iniquitate
1084 3129 1273 3200 cognoscat,
1303 3131 1335 3183 et
1358 3141 1377 3182 a
1401 3120 1620 3182 sacratissimo
1645 3140 1783 3201 corpore
1807 3139 1846 3181 ac

158 3216 322 3298 sanguine
346 3213 399 3275 dei
423 3221 457 3275 et
481 3209 620 3284 domini,
652 3207 870 3289 redemptoris
893 3209 996 3270 nostri
1019 3209 1090 3271 lesu
1115 3208 1243 3284 Christi,
1275 3209 1469 3284 alienafiat,
1503 3219 1602 3291 atque
1633 3208 1666 3270 in
1697 3219 1846 3271 extremo

158 3305 316 3371 examine
340 3301 486 3366 districte
510 3298 630 3361 ulcioni
654 3296 831 3361 subiaceat.
886 3295 1020 3360 Cunctis
1051 3307 1169 3373 autem,
1202 3299 1310 3361 eidem
1340 3298 1415 3361 loco
1443 3300 1527 3362 iusta
1558 3299 1772 3372 servantibus,
1804 3299 1854 3360 sit'

159 3418 228 3479 pax
252 3393 382 3457 domini
407 3389 509 3453 nostri
533 3389 604 3450 lesu
635 3386 762 3462 Christi,
793 3396 954 3467 quatenus
985 3397 1019 3450 et
1048 3387 1102 3451 hic
1133 3387 1272 3451 fructum
1303 3389 1392 3450 bone
1414 3387 1576 3467 ac(t)i0nis
1598 3388 1782 3469 percipiant
1813 3396 1847 3450 et

158 3485 249 3568 apud
275 3483 461 3546 districtum
485 3478 626 3541 iudicem
650 3477 777 3557 premia
801 3486 912 3538 eterne
935 3477 1026 3558 pacis
1050 3477 1225 3539 inveniant.
1272 3476 1392 3540 Amen.
1417 3477 1537 3541 Amen.
1561 3474 1681 3540 Amen.

377 3570 434 3646 (R)
457 3569 532 3649 Ego
556 3566 723 3647 Eugenius
746 3565 908 3628 catholice
932 3566 1068 3629 ecclesie
1092 3567 1269 3649 episcopus
1292 3588 1333 3630 ss.
1358 3565 1421 3652 (M)

378 3656 399 3740 †
423 3659 497 3739 Ego
520 3657 644 3719 Imarus
666 3655 870 3718 Tusculanus
894 3656 1070 3738 episcopus
1093 3677 1133 3718 ss.

378 3745 400 3830 †
422 3748 497 3828 Ego
521 3745 678 3809 Nicolaus
700 3743 901 3808 Albanensis
925 3745 1101 3827 episcopus
1124 3767 1165 3808 ss.

378 3833 460 3916 -†
483 3837 558 3917 Ego
581 3834 755 3898 Hubaldus
777 3834 940 3917 presbiter
963 3835 1136 3898 cardinalis
1159 3835 1208 3898 tit.
1233 3844 1346 3898 sancte
1369 3834 1525 3898 Praxedis
1548 3855 1588 3896 ss

379 3924 400 4009 †
424 3924 497 4007 Ego
521 3924 695 3987 Aribertus
717 3924 880 4007 presbiter
902 3925 1075 3987 cardinalis
1098 3925 1146 3987 tit.
1169 3935 1282 3988 sancte
1304 3923 1481 3987 Anastasie
1503 3944 1544 3986 ss.

379 4018 400 4094 †
423 4016 498 4096 Ego
521 4014 619 4077 Iulius
642 4013 804 4095 presbiter
826 4013 1000 4077 cardinalis
1023 4015 1071 4077 tit.
1094 4015 1197 4077 sancti
1222 4013 1368 4077 Marcelli
1392 4035 1433 4076 ss.

379 4107 401 4184 †
423 4105 497 4186 Ego
521 4103 697 4167 Hubaldus
720 4103 882 4185 presbiter
904 4103 1078 4167 cardinalis
1101 4104 1149 4167 tit.
1173 4114 1286 4167 sancte
1309 4102 1421 4166 Crucis
1444 4104 1477 4165 in
1501 4102 1675 4166 Ierusalem
1699 4122 1740 4165 ss.

380 4191 401 4275 †
424 4194 498 4276 Ego
523 4192 708 4257 Bernardus
731 4193 893 4275 presbiter
916 4193 1089 4256 cardinalis
1113 4194 1161 4256 tit.
1185 4194 1289 4256 sancti
1314 4192 1493 4256 Clementis
1516 4214 1556 4257 ss.

379 4317 424 4329 -
447 4280 468 4365 †
491 4282 565 4365 Ego
589 4282 767 4365 Gregorius
790 4282 947 4349 diaconus
970 4282 1144 4345 cardinalis
1167 4284 1270 4346 sancti
1294 4281 1416 4363 Angeli
1438 4303 1480 4345 ss.

381 4369 402 4455 1
425 4373 499 4454 Ego
523 4372 663 4435 Cencius
687 4372 847 4435 diaconus
870 4371 1044 4435 cardinalis
1067 4383 1180 4435 sancte
1203 4373 1308 4436 Marie
1331 4372 1364 4434 in
1386 4371 1517 4453 Aquiro
1541 4367 1612 4455 (ss).

325 4463 404 4525 Dat.
432 4462 554 4543 Signie,
584 4482 644 4543 per
675 4481 808 4524 manum
831 4462 982 4536 Bosonis,
1015 4473 1128 4525 sancte
1151 4461 1301 4525 Romane
1331 4462 1468 4525 ecclesie
1498 4460 1674 4544 scriptoris.
1720 4473 1772 4522 1111
1794 4457 1847 4521 Kl.

162 4551 326 4616 Decemb.
369 4551 553 4615 Indictione
575 4564 633 4614 xv.
671 4549 910 4615 Incamationis
940 4551 1106 4614 dominice
1136 4571 1224 4614 anno
1244 4561 1339 4614 Meu.
1384 4552 1598 4616 Pontificatus
1624 4569 1702 4613 vero
1734 4548 1847 4610 domni

161 4639 329 4725 eugenni)
352 4661 442 4723 pape
464 4655 502 4704 111
527 4661 613 4703 anno
636 4655 696 4704 vu.

325 4754 453 4820 Abschn'st
469 4770 524 4804 vom
544 4758 578 4805 14
596 4755 655 4804 oder
674 4757 705 4806 15
726 4754 819 4821 Jahrb.
838 4755 878 4803 des
902 4753 1039 4820 Registrum
1059 4752 1181 4821 Magnum
1195 4765 1222 4822 p.
1241 4759 1300 4817 562,
1323 4755 1356 4804 im
1375 4753 1490 4805 Archivio
1508 4752 1658 4819 Menicipole
1675 4768 1704 4802 eu
1724 4751 1847 4805 Piocenea.

916 4994 983 5069 Nr.
1014 4997 1100 5070 106.

165 5120 280 5206 Eugen
304 5118 373 5183 III
393 5117 544 5202 bestle'tige
564 5119 638 5183 dem
663 5115 875 5203 Demkape'tel
892 5140 953 5182 von
976 5119 1102 5183 Pistee'a
1124 5119 1187 5182 den
1208 5120 1318 5184 Besite
1342 5119 1399 5184 des
1421 5117 1592 5205 Hospitals
1614 5139 1674 5183 von
1695 5118 1849 5184 Ombeon·

762 5208 839 5273 celle
860 5209 924 5272 mit
944 5208 1042 5272 ellem
1067 5207 1216 5274 Zubeleiir
1230 5210 1264 5291 ²).

754 5316 836 5378 1151
858 5314 1034 5378 December
1056 5318 1105 5380 11.
1153 5313 1262 5399 Segni.

329 5421 496 5506 Eugenius
512 5423 698 5507 episcopus,
721 5443 833 5487 servus
848 5442 1016 5486 servorum
1032 5424 1094 5502 dei,
1120 5424 1246 5487 dilectis
1266 5423 1340 5488 filiis
1354 5424 1476 5501 Vem0,
1492 5422 1697 5487 Pistoriensis
1713 5423 1850 5511 ecclesie

165 5515 355 5598 preposito,
395 5513 530 5596 eiusque
563 5513 732 5591 iratribus,
770 5523 840 5577 tam
869 5513 1077 5595 presentibus
1114 5525 1214 5596 quam
1253 5513 1384 5592 futuris,
1425 5513 1583 5577 canonice
1614 5513 1849 5577 substituendis

332 5659 358 5725 ι)
377 5655 484 5722 Aeduis,
504 5656 608 5721 Birthas
620 5671 669 5705 von
688 5654 816 5716 Pactum,
836 5671 856 5706 c.
876 5656 1016 5705 ura-c.
1037 5657 1112 5705 1147.
1186 5658 1212 5721 2)
1238 5655 1315 5721 Vergl.
1334 5654 1372 5704 die
1393 5655 1453 5705 Urk.
1471 5670 1526 5704 vom
1546 5657 1563 5707 8
1581 5654 1691 5707 Febrem
1709 5657 1786 5705 1164.
