3982 6194
1796 242 1837 307 59

160 406 301 468 luturum
335 402 579 492 ecclesliastica]
610 407 805 470 secularisve
834 425 991 489 persona,
1021 405 1104 468 hanc
1136 415 1246 495 nostrq
1279 409 1516 473 constitutionis
1544 413 1697 495 paginam
1720 415 1836 491 sciens,

160 502 273 558 contra
296 514 371 558 eam
396 505 522 560 temere
544 497 656 559 venire
679 496 899 578 temptaverit,
921 497 1067 558 secundo
1090 497 1228 560 tertiove
1252 499 1461 575 commonita,
1483 501 1509 562 si
1530 523 1595 564 uon
1612 501 1836 568 satisfactione

159 605 304 666 congrua
338 586 575 661 emendaverit,
613 589 789 668 potestatis
819 585 1020 666 honorisque
1049 587 1097 647 sui
1129 587 1290 667 dignitate
1322 598 1432 651 careat
1472 610 1627 672 reamque
1657 612 1693 654 se
1726 594 1836 657 divino

160 674 281 736 iudicio
306 677 451 738 existere
475 675 517 738 de
541 684 729 758 perpetrata
753 676 921 755 iniquitate
938 683 1124 756 cognoscat,
1149 683 1182 737 et
1202 678 1455 740 asacratissimo
1472 699 1611 762 corpore
1627 701 1664 743 ac
1680 683 1836 763 sanguine

159 763 210 826 dei
233 771 268 826 et
292 764 430 840 domiui,
464 765 681 847 redemptoris
712 767 814 828 nostri
837 763 909 827 Iesu
934 762 1060 838 Christi,
1092 765 1282 841 alienafiat,
1316 775 1414 848 atque
1447 769 1478 831 in
1502 777 1652 832 extremo
1685 771 1835 835 examine

159 854 306 940 districte
331 853 445 917 ultioni
468 854 643 918 subiaceat.
690 852 821 918 Cunctis
844 861 963 928 autem,
987 852 1093 917 eidem
1113 851 1118 937 )
1138 853 1213 917 1333
1237 857 1321 918 iusta
1336 858 1550 934 servantibus,
1572 860 1614 921 sit
1631 880 1697 941 pax
1712 860 1835 924 domini

159 944 260 1005 nostri
285 944 360 1007 Iesu
386 942 513 1019 Christi,
541 943 692 1026 quatinus
717 943 824 1007 ethic
847 942 987 1006 fructum
1011 941 1098 1029 boue
1121 945 1256 1007 actionis
1280 947 1464 1028 percipiant
1486 954 1519 1011 et
1542 949 1631 1030 apud
1656 949 1834 1012 districtum

159 1031 300 1096 iudicem
326 1035 456 1116 premia
480 1041 592 1097 eterne
616 1033 706 1116 pacis
730 1035 904 1096 inveniant.
950 1030 1069 1095 Amen.
1092 1030 1169 1096 Am.
1193 1034 1311 1097 Amen.
1339 1070 1378 1080 —

375 1122 430 1202 (R)
454 1123 528 1206 Ego
550 1122 670 1186 Lucius
693 1122 852 1209 catholice
876 1121 1015 1208 ecclesie
1039 1122 1215 1204 episcopus
1238 1143 1280 1185 ss.
1304 1125 1366 1204 (M)

372 1248 418 1258 —
442 1210 461 1295 †
484 1210 558 1295 Ego
582 1210 729 1274 Thomas
753 1211 914 1294 presbiter
937 1210 1106 1274 cardinalis
1129 1212 1176 1275 tit.
1201 1211 1339 1277 Vestine
1361 1234 1403 1277 ss.
1426 1211 1476 1298 (1)

374 1299 395 1385 †
418 1302 492 1384 Ego
509 1299 617 1364 Guido
642 1300 804 1383 presbiter
827 1300 999 1364 cardinalis
1022 1302 1071 1363 tit.
1094 1309 1281 1365 sanctorum
1305 1302 1471 1367 Laurentii
1491 1308 1517 1386 a)
1542 1315 1576 1369 et
1591 1304 1724 1368 Damasi
1747 1326 1790 1366 33.

374 1388 395 1472 †
418 1393 492 1472 Ego
514 1390 672 1454 Nicolaus
696 1391 860 1474 presbiter
882 1390 1053 1454 cardinalis
1076 1392 1123 1453 tit.
1147 1394 1249 1454 sancti
1274 1391 1386 1456 Ciriaci
1410 1413 1452 1457 ss.

374 1478 395 1561 †
419 1480 492 1564 Ego
517 1479 708 1544 Mansredus
733 1479 896 1562 presbiter
919 1478 1091 1543 cardinalis
1115 1482 1163 1543 tit.
1186 1490 1299 1568 sancte
1323 1482 1442 1546 Savine
1465 1504 1506 1545 ss.

374 1567 395 1650 †
419 1570 491 1653 Ego
514 1570 615 1653 Hugo
639 1571 801 1652 presbiter
825 1569 995 1633 cardinalis
1018 1570 1066 1631 tit.
1089 1570 1192 1633 sancti
1214 1571 1379 1635 Laurentii
1404 1572 1435 1634 in
1457 1571 1582 1636 Lu'cina
1605 1593 1646 1636 33.

375 1657 395 1743 †
418 1659 491 1742 Ego
514 1658 612 1722 Iulius
636 1660 799 1743 presbiter
823 1658 995 1722 cardinalis
1018 1659 1065 1722 tit.
1088 1661 1192 1722 sancti
1217 1660 1362 1723 Marcelli
1384 1682 1426 1724 ss.

371 1783 417 1795 -
440 1746 460 1832 †
484 1748 557 1830 Ego
580 1746 756 1831 Gregorius
779 1749 937 1812 diaconus
961 1748 1130 1811 cardinalis
1153 1757 1339 1813 sanctorum
1363 1748 1468 1833 Sergii
1491 1759 1525 1814 et
1547 1749 1647 1813 Bachi
1670 1770 1712 1813 ss.
1738 1751 1784 1832 (1)

373 1835 394 1921 †
417 1837 490 1920 Ego
515 1837 624 1901 Guido
649 1838 806 1902 diaconus
830 1838 1001 1901 cardinalis
1024 1847 1210 1902 sanctorum
1235 1837 1355 1903 Cosme
1380 1849 1412 1903 et
1435 1839 1587 1902 Damiani
1610 1860 1651 1903 33.

374 1924 394 2009 †
418 1929 491 2009 Ego
515 1925 715 1991 Octavianus
739 1929 897 1992 diaconus
921 1927 1091 1991 cardinalis
1115 1931 1218 1991 sancti
1241 1927 1391 1992 Nicholai
1414 1930 1445 1991 in
1468 1949 1598 1993 carcere
1621 1929 1771 1993 Tulliano
1793 1950 1833 1991 ss.

374 2013 394 2096 †
418 2016 491 2099 Ego
516 2015 624 2080 Guido
648 2019 681 2080 in
704 2018 853 2081 Romana
876 2017 1012 2080 ecclesia
1034 2016 1144 2080 altaris
1168 2020 1314 2081 minister
1337 2020 1491 2101 indignus
1514 2039 1555 2081 ss.
1581 2016 1630 2102 (2)

374 2103 394 2186 †
417 2105 491 2187 Ego
514 2105 677 2170 Rodulsus
701 2108 858 2170 diaconus
882 2105 1055 2170 cardinalis
1077 2116 1188 2194 sancte
1211 2107 1310 2195 Lucie
1333 2110 1366 2171 in
1389 2109 1492 2191 Septa
1515 2108 1593 2172 solis
1616 2129 1658 2171 33.
1682 2109 1729 2188 (1)

373 2196 394 2274 †
416 2194 490 2278 Ego
515 2192 691 2278 Gregorius
714 2197 870 2260 diaconus
894 2195 1064 2259 cardinalis
1087 2199 1190 2259 sancti
1214 2195 1335 2280 Angeli
1358 2218 1400 2260 ss.
1425 2194 1472 2281 (1)

319 2281 395 2345 Dat.
411 2285 572 2361 Laterani,
596 2306 656 2368 per
680 2306 810 2349 manum
827 2288 992 2361 BARoNIS,
1015 2295 1127 2373 sancte
1143 2285 1291 2373 Romane
1314 2287 1451 2350 ecclesie
1474 2285 1675 2349 subdiaconi.
1715 2298 1765 2348 Vll
1780 2283 1833 2348 Kl.

156 2374 218 2434 lun.
265 2370 452 2437 Indictione
476 2386 536 2437 vn.
581 2373 816 2439 incarnationis
846 2375 1011 2463 dominice
1042 2396 1126 2438 anno
1159 2388 1318 2440 Mcxulss.
1365 2375 1575 2440 Pontificatus
1608 2396 1686 2439 vero
1719 2374 1833 2437 domni

157 2461 247 2524 Lucii
272 2460 337 2524 ΡΡ.
361 2482 449 2526 anno
473 2465 590 2547 primo.
615 2501 656 2512 -
690 2484 693 2489 '

323 2577 366 2627 Or.
386 2576 496 2645 (Angioli
508 2578 536 2627 di
552 2578 624 2628 Sr'ena
641 2581 677 2629 26
696 2579 764 2645 Mag.
784 2579 864 2645 1144)
883 2579 938 2627 und
952 2579 1015 2643 Kop.
1038 2578 1082 2627 der
1107 2579 1185 2643 Comp.
1211 2579 1238 2627 di
1257 2580 1405 2644 Campum
1431 2581 1458 2630 di
1475 2579 1565 2630 diversi
1578 2580 1681 2630 Archivr'
1698 2580 1752 2645 lp.
1771 2580 1832 2638 299,

166 2666 189 2696 m
207 2645 325 2697 Arclim'o
346 2649 374 2697 di
390 2649 473 2709 Staio,
502 2650 542 2700 des
560 2650 617 2700 MS.
636 2651 667 2701 B.
691 2651 732 2701 VI.
751 2651 784 2701 13
800 2658 824 2714 p.
844 2650 1089 2710 4133133131.
1109 2650 1222 2700 Pubblr'ca
1238 2667 1268 2699 ru
1286 2651 1366 2702 Simu.

322 2720 392 2787 Perg.
410 2722 470 2780 irat,
495 2723 551 2772 obm
568 2722 632 2771 lr'nks
655 2723 687 2771 ist
703 2722 741 2772 ein
759 2722 834 2771 Stiick
851 2721 990 2787 ahgerr'ssen,
1010 2723 1045 2771 br.
1064 2724 1148 2785 O,525,
1174 2725 1235 2788 lang
1252 2725 1321 2784 0,74,
1345 2729 1421 2773 untm
1440 2724 1520 2783 0,025
1537 2724 1732 2790 umgesclrlagm,
1757 2722 1834 2769 durch

158 2791 213 2839 33331
223 2792 320 2840 Lachaer
332 2793 396 2859 ging
411 2794 449 2843 die
461 2794 567 2853 Schnur,
586 2794 623 2843 dic
640 2795 685 2843 mit
701 2795 753 2843 dem
766 2794 846 2860 Siegel
859 2796 973 2843 verloren.
1005 2794 1112 2860 Fallung
1129 2795 1172 2843 der
1183 2796 1280 2844 Bullen.
1319 2795 1414 2845 Initialc
1431 2793 1593 2861 weggerisserr,
1613 2802 1636 2845 ct
1655 2796 1681 2844 in
1698 2794 1742 2842 der
1758 2800 1834 2842 ersten

160 2863 218 2911 Zeila
240 2863 287 2911 mit
309 2864 366 2912 oben
384 2865 568 2930 adgebuckletem
586 2867 667 2931 Bogen
684 2867 829 2915 verbunden.
871 2866 1027 2932 Vercwrgrmg
1043 2866 1090 2914 Nr.
1114 2871 1124 2914 1
1148 2866 1198 2930 Juo
1219 2867 1270 2914 Pur
1284 2902 1291 2914 .
1306 2901 1322 2929 .,
1347 2866 1380 2915 im
1395 2868 1410 2932 J
1428 2867 1535 2926 venien,
1560 2868 1643 2928 bermar,
1660 2867 1729 2931 fiillt
1747 2867 1832 2925 0,066.

160 2935 245 3000 Einr'ge
264 2935 474 2986 Personennamm
491 2937 524 2986 im
541 2938 683 3002 Komcripte
700 2939 758 2987 sind
773 2938 894 3002 halblang.
933 2939 980 2986 Die
998 2936 1138 3002 Masurkeln
1156 2944 1228 2987 ctruas
1245 2939 1443 3004 hervorgelroben,
1471 2956 1488 3004 g
1506 2937 1551 2987 mil
1567 2936 1833 2988 Eckwickelschndrkel·

158 3007 307 3072 umcrldngc.
345 3008 394 3057 Dic
414 3010 562 3075 Obcrlr'a'ngen
580 3010 685 3059 riemlr'clr
707 3009 770 3074 stris,
793 3009 831 3058 die
848 3009 942 3074 Schrist
957 3009 1012 3058 sehr
1028 3010 1092 3058 klar.
1130 3009 1273 3059 Zeilenweitc
1282 3011 1343 3074 sust
1359 3012 1446 3070 0,022.
1481 3010 1546 3060 Drei
1561 3013 1638 3060 Amen
1655 3010 1703 3059 Nr.
1722 3011 1746 3069 7,
1764 3016 1835 3057 erstes

159 3080 210 3126 und
226 3081 305 3127 lerares
318 3080 447 3144 geslrccktc
470 3081 628 3141 Buchstaben,
652 3081 776 3131 schlr'esscn
800 3081 837 3130 die
860 3083 923 3129 letare
942 3081 1010 3130 Zeile.
1047 3083 1109 3130 Rota
1127 3081 1174 3130 Nr.
1196 3085 1218 3140 1,
1239 3082 1413 3131 Durclrmcsser
1429 3084 1518 3142 0,062,
1541 3099 1589 3132 von
1614 3083 1657 3131 der
1673 3083 1754 3130 lemen
1773 3079 1834 3129 Zeile

159 3152 243 3209 0,008.
283 3149 455 3217 Monogmmm
473 3152 520 3201 Nr.
539 3155 577 3212 2⁰,
596 3153 655 3202 hoclr
675 3155 760 3215 0,066,
784 3153 844 3201 brer‘t
859 3153 946 3213 0,035,
972 3153 1064 3202 Stridet
1086 3153 1235 3212 mr'ttelrtark,
1260 3169 1307 3201 von
1332 3154 1376 3202 der
1399 3155 1480 3202 letzten
1499 3152 1560 3203 Zeila
1579 3156 1646 3215 0,01.
1686 3151 1834 3212 Qrurbalken

159 3223 195 3272 des
211 3221 375 3287 Ringkreuus
392 3224 449 3273 und
463 3224 520 3288 Ego
545 3225 588 3273 der
608 3224 771 3290 Unlersckrist
779 3224 839 3288 fort
861 3223 979 3274 schwarae
996 3224 1078 3282 Dintc,
1102 3224 1190 3290 Schasr
1213 3226 1253 3273 des
1269 3225 1385 3285 Kreuur,
1418 3225 1554 3290 Umsclrrist
1570 3226 1625 3275 und
1645 3225 1726 3289 iibrige
1747 3223 1834 3272 Unter·

158 3294 243 3359 scinjt
260 3295 337 3355 (auch
355 3296 391 3361 33)
411 3295 448 3345 die
464 3297 539 3345 Dinte
556 3297 597 3345 des
615 3297 803 3360 Hauptkbrpers.
840 3296 968 3361 Dotirung
983 3312 1037 3345 vom
1056 3296 1178 3345 Scltreiber
1195 3296 1235 3345 des
1252 3297 1366 3357 letareren,
1390 3297 1495 3347 Batonis
1514 3297 1558 3347 331
1575 3297 1677 3347 bellem
1693 3294 1833 3344 111313313-

156 3374 274 3433 gerragen.
313 3366 496 3434 Zeugenfirmen
512 3367 618 3418 ziemliclr
636 3371 683 3418 alle
697 3369 787 3435 gleichc
804 3368 886 3427 Dirae,
905 3369 998 3418 Hiinde
1014 3367 1139 3418 theilroeire
1155 3368 1312 3419 verschieden.

917 3704 982 3778 Nr.
1015 3708 1075 3780 59.

160 3855 275 3919 lucius
292 3854 338 3919 II
356 3851 475 3917 mimnt
496 3853 557 3916 das
580 3851 709 3919 Kloster
728 3853 878 3956 Columba
893 3855 954 4007 (ἔ.
972 3856 1148 4008 Piahcenza)
1159 3856 1200 4030 lqr
1221 3852 1668 3939 333313131313353131333ιί
1685 3855 1835 3941 bestir'trgt

796 3965 885 4008 seme
933 3955 1026 4009 esrtzt
1049 3952 1142 4010 ἄνειν
1188 3995 1195 4007 .

781 4079 865 4139 1144
882 4077 961 4152 Juli
976 4081 1027 4141 12.
1059 4078 1209 4142 Lateran.

316 4211 439 4275 LUcius
462 4212 648 4294 episcopus,
671 4230 784 4275 servus
807 4231 975 4275 servorum
1000 4213 1061 4287 dei,
1092 4212 1220 4275 dilectis
1243 4213 1275 4274 in
1299 4209 1429 4277 Christo
1454 4214 1524 4277 filiis
1547 4213 1691 4290 Iohanni,
1721 4214 1832 4278 abbati

157 4301 351 4364 venerabilis
381 4301 586 4376 monasterii,
626 4300 678 4363 siti
708 4302 741 4363 in
772 4300 864 4375 loco,
902 4304 956 4381 qui
990 4301 1152 4366 Columba
1169 4300 1196 4383 2)
1236 4300 1351 4363 dicitur
1388 4312 1421 4366 et
1451 4304 1623 4367 Carectum
1658 4305 1833 4384 antiquitus

156 4392 347 4466 vocabatur,
370 4392 492 4470 quique
516 4391 549 4451 in
573 4388 763 4452 Placentino
787 4391 979 4472 episcopatu
1002 4392 1081 4454 situs
1105 4400 1164 4466 est,
1194 4392 1329 4472 eiusque
1352 4389 1512 4468 fratribus,
1535 4403 1603 4457 tam
1627 4394 1832 4477 presentibus

157 4499 255 4560 quam
279 4479 406 4556 suturis,
427 4476 432 4563 Ι
453 4478 633 4561 regularem
658 4481 758 4542 vitam
783 4480 940 4561 professis
963 4494 1001 4543 ΙΝ
1025 4493 1102 4542 PPM.
1150 4480 1368 4556 Desiderium,
1392 4484 1481 4562 quod
1506 4483 1548 4546 ad
1573 4483 1735 4565 religionis
1758 4505 1833 4566 pro·

156 4573 301 4651 positum
327 4577 360 4632 et
383 4569 565 4632 animarum
588 4567 725 4632 salutem
750 4570 913 4650 pertinere
938 4578 1144 4645 monstratur,
1172 4571 1283 4632 animo
1308 4590 1368 4633 nos
1392 4573 1488 4635 decet
1511 4572 1624 4636 libenti
1648 4576 1831 4637 concedere

156 4668 188 4721 et
217 4660 401 4741 petentium
435 4657 604 4721 desideriis
636 4676 814 4740 congruum
846 4659 1003 4741 impertiri
1031 4656 1037 4746 1
1063 4659 1260 4741 suffragium.
1315 4655 1424 4739 Quam
1457 4661 1501 4724 ob
1539 4682 1623 4738 rem,
1662 4662 1770 4725 dilecti
1800 4665 1832 4726 in

156 4749 294 4812 domino
318 4747 382 4824 tilii,
404 4749 519 4810 vestris
544 4747 634 4810 iustis
657 4746 931 4829 postulationibus
955 4748 1133 4812 clementer
1156 4749 1335 4824 annuimus,
1358 4759 1391 4813 et
1411 4749 1574 4833 prefatum
1591 4752 1831 4828 monasterium,

156 4841 186 4900 in
210 4859 279 4919 quo
304 4838 419 4900 divino
443 4838 619 4919 mancipati
645 4838 723 4899 estis
748 4837 916 4917 obsequio,
940 4838 1001 4901 sub
1027 4839 1113 4902 beati
1130 4837 1215 4901 Petri
1232 4845 1265 4900 et
1280 4847 1391 4902 nostra
1408 4843 1613 4922 protectione
1628 4842 1831 4923 suscipimus,

156 4937 188 4991 et
211 4928 376 5010 presentis
399 4928 512 5009 scripti
537 4925 709 5009 privilegio
732 4928 982 4990 communimus
1028 4925 1224 5001 Statuentes,
1256 4935 1291 4989 ut
1318 4949 1541 5010 quascumque
1573 4926 1831 5016 polslsessiones

155 5037 367 5100 quecumque
390 5016 479 5080 bona
502 5015 590 5079 idem
616 5015 706 5078 locus
731 5017 762 5078 in
787 5018 1023 5099 presentiarum
1048 5018 1130 5080 iuste
1154 5025 1186 5080 et
1209 5017 1363 5081 canonice
1388 5020 1536 5103 possidet
1559 5027 1616 5082 aut
1638 5022 1672 5082 in
1687 5020 1830 5084 futurum

155 5107 370 5170 concessione
386 5104 587 5188 pontificum,
610 5104 780 5186 largitione
804 5126 917 5188 regum
934 5105 986 5169 vel
1008 5109 1201 5189 principum,
1226 5100 1391 5171 oblatione
1414 5108 1559 5171 fidelium
1575 5129 1632 5171 seu
1648 5109 1716 5172 aliis
1740 5111 1831 5173 iustis

155 5198 261 5259 modis
292 5197 359 5260 deo
390 5195 534 5279 propitio
573 5197 696 5277 poterit
727 5196 879 5278 adipisci,
911 5193 1004 5258 firma
1030 5196 1125 5259 vobis
1157 5195 1337 5274 vestrisque
1366 5200 1608 5262 successoribus
1645 5207 1679 5262 et
1708 5198 1832 5263 illibata

154 5293 378 5370 permaneant.
431 5284 467 5348 In
501 5283 620 5367 quibus
652 5282 714 5372 hec
750 5285 937 5368 specialiter
975 5286 1129 5350 duximus
1160 5286 1363 5350 annotanda:
1401 5308 1516 5352 omnes
1547 5288 1698 5353 videlicet
1729 5297 1831 5352 terras

315 5481 342 5548 a)
360 5481 427 5531 Laur
444 5480 496 5546 aus
516 5482 605 5530 Rasur.
625 5519 678 5524 -
697 5480 733 5545 ,1)
753 5479 791 5528 lu
811 5495 917 5547 grossam
935 5481 1024 5530 Donke
1041 5481 1118 5546 stille
1135 5480 1173 5529 ich
1190 5479 1253 5529 tuith
1271 5481 1324 5530 dem
1342 5481 1426 5532 Haerrn
1447 5483 1515 5549 Pras.
1534 5481 1662 5534 Ronclri
1667 5483 1702 5532 ni
1709 5484 1763 5547 fiir
1781 5484 1831 5534 sein

151 5551 317 5613 lrmndliches
342 5552 576 5619 Entgcgenkommm
601 5550 750 5616 verpflichlet.
778 5581 811 5589 -
843 5552 921 5619 Vergl.
953 5553 1038 5617 Campi
1066 5553 1128 5602 Stor.
1154 5553 1180 5602 di
1205 5552 1323 5603 Priuenra
1342 5554 1361 5603 I
1376 5562 1402 5619 p.
1423 5558 1483 5605 416.
1526 5555 1604 5622 Vergl.
1629 5556 1667 5604 die
1694 5556 1753 5605 Urk.
1776 5573 1830 5606 vom

155 5627 189 5674 ld
205 5625 342 5675 November
360 5627 434 5676 1164.
507 5627 534 5693 2)
556 5624 671 5674 Columba
688 5626 732 5691 lag
747 5623 863 5675 awriclrm
883 5625 1002 5675 Piacema
1021 5625 1075 5673 und
1093 5624 1185 5673 Parma
1205 5626 1256 5675 rsrl.
1275 5641 1323 5675 von
1341 5627 1506 5689 Fiorcnauola,
1518 5629 1578 5694 jetzt
1599 5628 1758 5678 Chiaravalle.

1582 5707 1620 5759 8!

1910 5656 1928 5791 l
