3982 6194
163 255 223 317 126

158 444 189 504 in
219 441 325 524 aliqua
355 442 564 505 ecclesiarum
596 442 658 504 ulla
690 443 834 524 priorum
864 451 921 505 aut
950 441 1140 505 clericorum
1171 442 1228 505 fiat
1258 443 1390 517 electio,
1429 452 1462 506 et
1493 443 1581 506 nulla
1613 442 1822 506 ecclesiarum

157 533 368 613 episcopatus
398 533 496 595 vestri
527 539 635 613 preter
667 551 779 594 eorum
810 551 1005 594 consensum
1039 531 1130 594 alicui
1162 532 1339 595 subiciatur
1362 532 1505 613 ecclesie,
1538 551 1599 596 nec
1631 530 1763 615 publica
1794 540 1824 594 et

158 621 280 682 maiora
310 623 442 702 negotia
472 621 579 699 aliqua
611 621 671 683 sibi
704 620 921 695 ecclesiarum,
953 623 1032 702 ipsis
1064 621 1180 695 invitis,
1212 621 1343 702 arripiat
1366 630 1421 684 aut
1452 621 1599 702 publicas
1631 623 1824 702 penitentias

157 709 279 771 tribuat
311 731 370 772 nec
398 712 573 773 sententias
602 718 634 772 et
658 710 863 772 interdictum
888 710 1029 772 matricis
1053 710 1190 792 ecclesie
1214 718 1354 792 temptet
1378 711 1558 792 infringere.
1603 709 1705 773 Nulla
1729 713 1823 773 etiam

156 800 255 860 vestri
279 800 487 880 episcopatus
511 819 649 880 persona
672 799 739 860 sine
756 819 916 862 consensu
937 801 1085 880 episcopi
1101 799 1152 861 vel
1169 801 1324 880 priorum,
1348 802 1403 879 qui
1420 799 1595 881 locopositi
1611 801 1824 875 nominantur,

157 889 300 949 matricis
324 889 459 973 ecclesie
484 887 785 950 excommunicetur
809 897 849 961 et,
873 889 963 968 quod
988 889 1031 951 ab
1056 890 1213 969 episcopo
1237 887 1371 969 ligatum
1396 889 1499 964 fuerit,
1522 891 1688 951 anemine
1705 889 1824 950 irritum

158 976 230 1038 duci
254 985 440 1058 temptetur.
486 975 573 1039 Sane
596 977 734 1039 civitatis
757 986 864 1060 vestre
889 977 994 1040 clerici
1019 986 1060 1051 et,
1084 978 1137 1056 qui
1153 979 1184 1038 in
1201 976 1364 1039 suburbiis
1379 985 1461 1051 sunt,
1484 976 1594 1040 solitas
1610 978 1824 1052 obedientias,

157 1065 305 1128 videlicet
329 1069 359 1128 in
383 1066 517 1140 letaniis,
540 1067 571 1127 in
588 1067 853 1148 processionibus
870 1066 1106 1140 communibus,
1130 1067 1161 1127 in
1184 1066 1414 1130 festivitatibus
1438 1074 1471 1128 et
1486 1067 1684 1130 stationibus
1700 1068 1826 1130 maioris

158 1155 292 1236 ecclesie
316 1156 423 1218 eidem
455 1157 646 1236 impendant
677 1154 823 1239 ecclesie,
854 1164 889 1218 ut
911 1156 1082 1219 vobiscum
1114 1156 1228 1218 adsint.
1274 1158 1375 1219 Porro
1408 1157 1440 1217 in
1472 1156 1582 1239 quinte
1614 1156 1694 1237 ferie
1729 1165 1825 1220 nocte

157 1251 232 1305 ante
256 1244 378 1326 pascha
401 1244 485 1308 nulla
509 1244 646 1307 ecclesia
668 1246 846 1307 secundum
872 1266 997 1307 morem
1029 1252 1135 1325 vestre
1159 1244 1294 1327 ecclesie
1327 1265 1503 1327 campanas
1533 1254 1630 1308 sonet
1664 1264 1773 1325 neque
1796 1247 1825 1307 in

157 1333 298 1396 sabbato
322 1343 435 1397 sancto
459 1354 588 1397 cereum
612 1334 794 1409 benedicat,
824 1342 874 1396 set
904 1334 944 1395 ad
977 1334 1175 1415 baptismum
1208 1335 1345 1416 predicti
1375 1335 1483 1396 clerici
1516 1354 1558 1396 ex
1589 1336 1825 1397 consuetudine

156 1424 295 1485 veniant.
340 1423 437 1486 Nulla
460 1432 608 1506 preterea
632 1424 841 1486 ecclesiarum
866 1423 978 1485 missas
993 1423 1169 1486 sollemnes
1185 1423 1327 1485 celebret
1345 1423 1375 1485 in
1392 1423 1567 1486 festivitate
1587 1423 1675 1486 beati
1698 1423 1825 1486 Martini

158 1519 191 1573 et
213 1515 314 1575 sancti
339 1512 454 1594 Reguli
487 1520 520 1574 et
543 1515 574 1574 in
599 1513 742 1574 secunda
769 1512 848 1575 feria
871 1511 992 1594 pasche
1024 1521 1057 1575 et
1080 1512 1111 1573 in
1140 1512 1405 1593 processionibus
1430 1513 1687 1594 quadragesime,
1719 1514 1825 1575 donec

156 1604 303 1663 stationis
319 1602 485 1664 solvantur
499 1609 687 1665 conventus.
718 1600 835 1663 Nullus
848 1603 945 1663 etiam
962 1602 1151 1664 clericorum
1165 1601 1307 1664 officium
1319 1603 1467 1664 vivorum
1483 1610 1539 1663 aut
1555 1610 1768 1675 mortuorum,
1784 1603 1825 1664 ad

157 1693 324 1754 matricem
341 1691 510 1753 ecclesiam
527 1691 699 1772 pertinens,
723 1689 832 1753 facere
849 1690 900 1752 vel
917 1690 1082 1752 celebrare
1098 1699 1271 1770 presumat.
1302 1689 1359 1752 Ad
1375 1689 1436 1752 hec
1453 1690 1623 1753 aditientes
1643 1693 1825 1766 statuimus,

157 1788 192 1842 ut
215 1780 341 1864 decime
365 1781 505 1842 matricis
529 1778 662 1864 ecclesie
687 1779 729 1841 ab
752 1778 809 1851 his,
841 1782 896 1858 qui
919 1780 1070 1851 tribuunt,
1102 1799 1168 1840 non
1199 1779 1388 1842 fraudentur
1419 1787 1452 1841 et
1480 1778 1565 1841 nulla
1589 1799 1644 1842 eas
1669 1778 1825 1843 clericalis

156 1888 297 1949 persona
320 1868 480 1950 subripiat
501 1877 556 1931 aut
579 1869 746 1930 diminuat.
793 1868 882 1931 Nulli
906 1871 1004 1931 etiam
1028 1868 1186 1950 episcopo
1210 1869 1314 1941 liceat,
1347 1869 1489 1949 aliquem
1523 1870 1663 1930 matricis
1689 1868 1825 1951 ecclesie

157 1960 348 2020 canonicum
373 1957 482 2020 officio
505 1978 562 2019 seu
579 1957 737 2020 beneficio
753 1959 823 2019 sine
838 1959 995 2019 canonico
1012 1959 1138 2039 privare
1155 1957 1284 2019 iudicio.
1323 1955 1408 2019 Sane
1425 1958 1592 2020 caritativa
1607 1958 1660 2019 illa
1676 1958 1826 2021 ciborum

156 2046 323 2120 beneficia,
347 2067 410 2129 que
427 2046 468 2108 ab
486 2048 650 2128 episcopis
672 2047 795 2121 vestriS,
819 2047 1077 2128 sive-presentes
1100 2048 1167 2108 sive
1192 2046 1343 2108 absentes
1366 2047 1492 2120 fuerint,
1516 2047 1549 2108 in
1564 2047 1826 2109 sollemnioribus

156 2136 244 2198 festis
268 2137 483 2198 consuevistis
511 2138 669 2217 accipere,
693 2135 788 2197 vobis
811 2138 992 2217 vestrisque
1015 2137 1157 2217 posteris
1181 2143 1250 2197 rata
1273 2139 1471 2217 precipimus
1495 2144 1528 2198 et
1550 2135 1673 2198 illibata
1696 2139 1827 2198 servari.

155 2226 306 2287 Preterea
338 2243 562 2304 quascumque
591 2227 824 2306 possessiones,
856 2244 1061 2309 quecumque
1092 2225 1179 2287 bona
1210 2225 1325 2287 eadem
1357 2226 1495 2287 ecclesia
1527 2227 1558 2287 in
1590 2227 1826 2307 presentiarum

157 2316 239 2376 iuste
262 2323 295 2376 et
317 2316 473 2376 canonice
498 2315 654 2394 possidet,
677 2322 732 2376 aut
755 2315 787 2375 in
811 2314 952 2376 futurum
977 2315 1188 2376 concessione
1212 2313 1415 2395 pontificum,
1443 2315 1615 2395 largitione
1639 2334 1753 2396 regum
1778 2313 1828 2377 vel

157 2404 348 2485 principum,
376 2402 543 2465 oblatione
567 2401 709 2464 fidelium
739 2422 796 2464 seu
820 2403 888 2464 aliis
912 2404 1003 2465 iustis
1028 2402 1135 2464 modis
1159 2404 1223 2465 deo
1249 2405 1393 2484 propitio
1417 2403 1538 2484 poterit
1562 2403 1710 2484 adipisci,
1734 2402 1827 2466 firma

155 2492 250 2554 vobis
273 2494 454 2573 vestrisque
478 2491 721 2554 successoribus
744 2500 777 2553 et
799 2491 921 2554 illibata
945 2499 1164 2573 permaneant.
1210 2491 1245 2552 In
1270 2491 1386 2571 quibus
1415 2490 1476 2554 hec
1508 2493 1648 2573 propriis
1672 2494 1827 2555 duximus

157 2583 371 2662 exprimenda
393 2580 577 2643 vocabulis:
608 2580 770 2662 hospitale
793 2581 894 2642 sancti
912 2579 1042 2642 Martini
1065 2601 1139 2642 curn
1164 2580 1302 2642 ecclesia
1318 2583 1421 2642 sancti
1437 2579 1628 2651 Alexandri,
1653 2581 1827 2644 ecclesiam

154 2671 256 2732 sancti
279 2669 409 2755 Thome
433 2679 466 2733 et
489 2669 660 2732 ecclesiam
683 2672 785 2731 sancti
810 2667 1001 2731 Christofori
1025 2670 1067 2731 de
1091 2667 1198 2744 Arcu3
1222 2679 1313 2731 extra
1345 2671 1509 2732 civitatem
1531 2670 1558 2735 al
1590 2669 1762 2732 ecclesiam
1786 2671 1827 2733 de

156 2760 363 2841 Massagrosi,
388 2759 556 2822 ecclesiam
573 2759 615 2821 de
631 2758 787 2832 Fabialla,
812 2758 983 2821 ecclesiam
1004 2757 1046 2820 de
1062 2757 1199 2831 Gualdo,
1223 2766 1289 2821 tres
1305 2757 1456 2821 ecclesias
1472 2760 1514 2819 de
1531 2759 1826 2832 Massamacinaria,

155 2848 326 2912 ecclesiam
357 2849 399 2910 de
423 2847 551 2920 Villule,
583 2847 754 2911 ecclesiam
786 2849 828 2909 de
853 2846 992 2920 Ciciana,
1026 2848 1196 2909 ecclesiam
1228 2847 1316 2909 beati
1342 2846 1516 2909 Concordii
1548 2850 1639 2910 iuxta
1663 2846 1826 2922 Arsinam,

156 2936 322 3000 ecclesiam
352 2941 454 3000 sancti
480 2937 565 3000 Petri
595 2939 637 2999 de
666 2934 811 3013 Octav0,
843 2937 1012 2999 ecclesiam
1046 2935 1088 2998 de
1122 2934 1267 3007 Galleno,
1300 2935 1471 2998 ecclesiam
1505 2944 1616 3022 sancte
1649 2938 1754 3021 Marie
1785 2938 1826 2999 de

155 3023 281 3101 Streda,
314 3028 485 3090 ecclesiam
518 3028 561 3088 de
592 3025 860 3107 Valleprumaria,
884 3025 1055 3088 ecclesiam
1079 3026 1180 3086 sancti
1204 3024 1271 3086 Viti
1295 3025 1337 3087 de
1356 3024 1531 3100 Piciorana,
1562 3034 1595 3087 et
1626 3026 1761 3108 plebem
1785 3026 1827 3088 de

154 3114 369 3197 Sugruminio.
408 3114 616 3197 Sepulturam
640 3134 772 3194 quoque
796 3117 896 3197 ipsius
916 3115 978 3177 loci
995 3115 1132 3177 liberam
1150 3133 1220 3175 esse
1236 3115 1454 3188 concedimus,
1479 3123 1642 3177 uteorum
1660 3115 1827 3178 devotioni

155 3212 189 3265 et
216 3214 362 3288 extreme
385 3207 554 3279 voluntati,
585 3205 640 3285 qui
670 3224 706 3266 se
729 3203 791 3266 illic
814 3203 943 3285 sepeliri
968 3203 1227 3277 deliberaverint,
1260 3204 1319 3265 nisi
1349 3203 1435 3265 forte
1458 3205 1732 3267 excommunicati
1756 3206 1826 3279 sint,

154 3293 258 3355 nullus
275 3294 421 3357 obsistat.
451 3294 667 3356 Decernimus
684 3313 772 3374 ergo,
795 3302 831 3355 ut
847 3293 925 3356 nulli
942 3294 1073 3355 omnino
1089 3290 1256 3354 hominum
1272 3292 1375 3365 liceat,
1399 3292 1560 3373 prefatam
1577 3293 1752 3356 ecclesiam
1769 3341 1776 3355 .
1794 3343 1800 3356 .
1817 3342 1824 3355 .

154 3382 265 3444 usibus
282 3383 477 3446 omnimodis
501 3382 678 3464 profutura,
694 3382 782 3444 salva
804 3383 892 3445 sedis
909 3381 1086 3466 apostolice
1101 3385 1303 3444 auctoritate.
1343 3382 1378 3446 Si
1395 3402 1460 3462 qua
1476 3382 1572 3463 igitur
1596 3430 1603 3443 .
1628 3431 1634 3444 .
1660 3430 1668 3444 .
1693 3381 1826 3446 Cunctis

155 3480 265 3534 autem
290 3522 296 3535 .
320 3521 326 3534 .
351 3520 358 3533 .
382 3472 553 3535 inveniant.
599 3469 718 3533 Amen.
742 3506 785 3517 -
809 3470 898 3533 A-m.
921 3506 965 3517 -
988 3471 1107 3533 Amen.
1135 3507 1175 3517 -

369 3560 424 3638 (R)
448 3563 521 3642 Ego
545 3559 739 3622 Anastasius
763 3559 922 3641 catholice
946 3560 1081 3643 ecclesie
1105 3562 1280 3641 episcopus
1303 3580 1344 3620 ss.
1368 3558 1430 3638 (M)

411 3652 484 3732 Ego
507 3649 647 3711 Ymarus
669 3649 870 3711 Tusculanus
894 3651 1068 3731 episcopus
1091 3669 1131 3710 ss.
1156 3649 1204 3728 (8)

369 3775 413 3784 -
479 3740 552 3819 Ego
576 3737 749 3800 Hubaldus
773 3738 934 3819 presbiter
956 3737 1128 3800 cardinalis
1151 3739 1200 3798 tit.
1224 3744 1335 3819 sancte
1359 3737 1517 3799 Praxedis
1540 3756 1581 3798 ss.

410 3826 484 3909 Ego
509 3826 699 3889 Manfredus
722 3827 885 3908 presbiter
908 3827 1077 3889 cardinalis
1099 3827 1145 3888 tit.
1168 3833 1280 3910 sancte
1304 3823 1422 3908 Savine
1446 3846 1487 3886 ss.
1511 3830 1556 3907 (1)

411 3920 483 3998 Ego
507 3915 603 3978 Iulius
627 3916 787 3997 presbiter
809 3916 980 3977 cardinalis
1003 3918 1051 3979 tit.
1074 3918 1176 3978 sancti
1201 3914 1347 3977 Marcelli
1371 3935 1412 3975 ss.
1436 3915 1482 3994 (2)

367 4005 483 4087 lEgo
508 4003 671 4068 Gerardus
702 4005 864 4086 presbiter
895 4005 1066 4067 cardinalis
1096 4007 1144 4065 tit.
1167 4007 1269 4066 sancti
1293 4002 1451 4085 Stephani
1475 4003 1506 4065 in
1531 4001 1622 4066 Celio
1646 4012 1761 4067 monte
1784 4025 1823 4066 ss.

368 4131 412 4140 -
477 4096 549 4176 Ego
575 4091 676 4156 Oddo
700 4095 856 4156 diaconus
880 4093 1049 4156 cardinalis
1072 4093 1173 4155 sancti
1198 4090 1355 4176 Georgi(i)
1379 4093 1421 4154 ad
1445 4092 1563 4155 Velum
1587 4113 1722 4156 aureum
1746 4114 1789 4156 ss.

410 4185 484 4265 Ego
509 4182 617 4246 Guido
640 4183 799 4245 diaconus
823 4183 990 4246 cardinalis
1013 4190 1125 4244 sancte
1149 4183 1253 4245 Marie
1277 4184 1309 4244 in
1334 4182 1462 4244 Portico
1481 4180 1510 4265 b)
1533 4201 1574 4243 ss.

410 4275 483 4355 Ego
507 4273 646 4335 lacintus
670 4274 826 4335 diaconus
850 4270 1017 4335 cardinalis
1040 4279 1152 4334 sancte
1177 4274 1280 4333 llfarie
1303 4272 1333 4333 in
1357 4270 1551 4351 Cosmydyn
1576 4290 1617 4332 ss.
1641 4272 1690 4349 (2)

411 4363 483 4444 Ego
508 4359 585 4424 Odo
609 4362 765 4424 diaconus
788 4360 957 4423 cardinalis
980 4361 1082 4422 sancti
1106 4358 1254 4422 Nicholai
1278 4363 1310 4422 in
1334 4380 1464 4423 carcere
1486 4359 1636 4422 Tulliano
1659 4381 1702 4423 ss.
1727 4362 1776 4440 (3)

315 4449 436 4513 Datum
460 4451 623 4525 Laterani,
656 4471 715 4532 per
740 4471 869 4513 manum
894 4450 1064 4523 RoLANDI,
1088 4458 1198 4535 sancte
1222 4449 1371 4534 Romane
1395 4448 1530 4512 ecclesie
1554 4449 1727 4531 presbiteri
1759 4471 1826 4512 car

156 4536 272 4599 dinalis
289 4547 322 4601 et
338 4539 523 4601 cancellarii.
557 4552 594 4602 Vl
608 4539 663 4601 Kl.
680 4539 883 4601 Decembris
914 4539 1095 4600 indictione
1111 4553 1143 4601 .
1174 4538 1405 4601 incarnationis
1421 4539 1584 4624 dominice
1601 4560 1687 4602 anno
1704 4553 1824 4603 MCLHI.

155 4627 364 4690 Pontificatus
387 4649 465 4691 vero
489 4628 601 4690 domni
624 4626 818 4690 ANASTASII
841 4642 892 4690 1111
915 4648 1000 4690 anno
1024 4631 1141 4710 primo.
1164 4663 1207 4673 -

318 4742 360 4790 Or.
374 4742 439 4796 (.
450 4743 496 4799 20)
515 4743 571 4790 tend
585 4743 682 4791 Absclrr.
702 4743 742 4791 des
759 4741 899 4791 Bullurr'um
907 4749 935 4806 p.
949 4744 990 4802 43,
1010 4742 1043 4790 im
1061 4742 1174 4791 Archivr'o
1196 4741 1328 4806 Capitolarc
1345 4759 1374 4790 :u
1386 4742 1484 4798 Lucem
1502 4739 1626 4806 Abrclm'st
1641 4741 1670 4790 G.
1690 4741 1760 4790 VIII.
1773 4743 1827 4790 243

150 4818 177 4875 p.
199 4814 246 4860 114
264 4814 307 4862 der
325 4814 387 4862 Bibl.
409 4812 478 4878 Chr'gr
493 4830 523 4861 zu
539 4815 608 4864 Rom.

318 4885 358 4933 Or.
380 4885 449 4949 Perg.
468 4885 527 4945 irat,
547 4886 583 4935 br.
601 4888 669 4944 0,56,
688 4887 747 4950 lang
764 4886 850 4944 o,755
874 4891 948 4932 rernm
966 4886 1045 4946 0025
1064 4886 1250 4950 umgcsclrlagen,
1276 4885 1353 4932 drcrclr
1371 4884 1429 4932 ranei
1445 4883 1537 4931 tucher
1550 4885 1607 4949 gelu
1624 4885 1661 4933 die
1678 4883 1828 4949 starkfadigr

154 4956 325 5020 urspriinglicfz
343 4958 476 5005 harcnrosa
495 4957 676 5014 Seidenschnur,
696 4958 766 5005 deren
784 4956 909 5020 Bleisiegcl
922 4958 1038 5015 verloren,
1058 4957 1165 5022 Fallung
1182 4958 1225 5005 der
1242 4958 1338 5005 Bullrn.
1374 4957 1422 5004 Die
1440 4955 1658 5019 Abnrcrr'pfschrss
1675 4957 1707 5004 ist
1723 4959 1829 5005 dussmt

153 5028 245 5085 sunder,
268 5027 402 5091 Umsrlrrr'ft
419 5028 475 5075 und
493 5028 653 5093 Untersclrrr'st
670 5028 760 5076 rithrcn
777 5044 824 5076 von
839 5027 943 5092 gleichtr
959 5029 1107 5077 erdbroumr
1125 5029 1198 5076 Dinte
1215 5029 1264 5087 Iter,
1289 5044 1336 5075 von
1355 5027 1395 5075 r'Irr
1416 5028 1472 5074 und
1485 5027 1589 5075 :irrnlich
1608 5027 1686 5076 sicher
1701 5027 1765 5075 auch
1783 5028 1830 5076 mit

151 5099 254 5164 gler'clcr
270 5099 350 5147 Hand
366 5099 514 5164 geschrr'ebcn
539 5100 569 5148 ist
586 5101 621 5147 die
640 5100 771 5164 Datimrrg,
795 5115 879 5147 aresser
896 5100 939 5147 das
958 5100 981 5148 R
999 5102 1114 5158 Ir'olands,
1139 5101 1236 5148 welches
1320 5101 1364 5146 das
1382 5099 1517 5162 Irr'ngkrrua
1542 5099 1656 5147 dunklere
1674 5099 1751 5148 Dr'ntc
1768 5100 1828 5163 arcs*-

153 5171 226 5218 wer'sl.
264 5170 392 5233 (Rlolandi
412 5170 471 5235 ur'gt
492 5171 618 5236 lalblange
635 5170 797 5230 Buchstabcn,
822 5171 888 5218 nien
909 5188 935 5219 so
952 5174 1012 5236 lang
1034 5172 1077 5220 wie
1098 5172 1230 5220 Anastasii.
1267 5171 1314 5218 Die
1333 5170 1452 5232 Bisclmss
1475 5170 1531 5216 rand
1551 5171 1588 5218 dic
1616 5170 1827 5238 Presbytersrmen

153 5242 212 5290 sind
225 5258 273 5290 von
287 5243 390 5307 gleicIrcr
406 5242 487 5290 Hand
501 5245 558 5292 una'
571 5244 646 5292 Diute
659 5242 775 5309 gernaclt,
794 5244 861 5291 anull
874 5243 937 5292 aruh
955 5244 992 5292 die
1010 5243 1053 5292 der
1069 5243 1150 5291 beiden
1168 5242 1295 5290 Dr'ukorun
1317 5242 1377 5290 Orto.

156 5358 216 5367 ..
240 5360 290 5365 --
310 5361 345 5365 -,
367 5361 462 5366 ..-..-

313 5418 339 5483 a)
358 5436 371 5471 c
390 5421 441 5489 uus
455 5423 540 5474 Ram
609 5422 635 5483 bl
654 5419 769 5487 richtr'gtr
785 5423 891 5473 Portica.
