3974 6188
245 279 285 339 14

240 450 473 516 detrimentum
501 449 635 514 fratrum
667 449 699 512 in
728 450 877 533 praelata
906 453 1065 516 canonica
1097 452 1221 534 aliquid
1252 452 1405 514 inducere
1434 452 1486 515 vel
1517 471 1617 532 prave
1646 449 1752 512 moliri
1784 448 1914 512 audeat.

240 541 395 606 Similiter
418 540 516 604 etiam
540 539 582 602 de
606 548 714 603 cetero
738 540 949 605 concedimus
972 552 1005 606 et
1027 541 1258 616 confirmamus
1273 541 1381 605 eidem
1397 542 1576 604 canonicae
1590 548 1727 615 vestrae,
1752 557 1914 620 quaecun-

241 651 303 711 que
326 631 416 693 bona
438 639 507 692 tam
531 630 563 692 in
587 629 684 692 rebus
708 629 894 707 mobilibus,
919 652 1018 714 quam
1041 632 1266 695 immobilibus
1289 651 1376 694 nunc
1399 631 1482 694 iuste
1498 630 1600 694 habet
1615 638 1671 692 aut
1686 629 1718 691 in
1734 637 1913 710 posterum,

240 720 304 783 deo
328 727 500 794 annuente,
524 717 676 782 habitura
699 729 763 796 est,
802 721 955 801 quatinus
979 721 1021 784 ab
1046 721 1135 784 omni
1159 721 1301 785 humana
1324 720 1532 784 infestatione
1555 719 1659 782 libera
1679 727 1778 800 atque
1800 737 1915 780 secura

239 829 315 872 cum
338 809 427 871 omni
451 808 560 889 quiete
583 829 624 871 ea
647 818 757 872 teneat
780 818 879 891 atque
902 810 1080 892 possideat,
1103 809 1193 874 salva
1216 820 1326 873 tamen
1351 810 1532 873 reverentia
1546 808 1738 892 praescripti
1755 806 1913 888 episcopi.

239 898 287 963 Ut
310 898 407 979 igitur
428 895 510 960 haec
533 918 664 980 semper
686 898 877 962 inconvulsa
907 900 1097 982 illibataque
1129 909 1352 981 permaneant,
1383 900 1565 981 apostolica
1595 897 1789 961 auctoritate
1819 896 1912 959 inter-

240 988 386 1062 dicimus,
411 986 557 1050 utnulla
580 1007 725 1069 unquam
748 1008 898 1070 persona,
922 990 1074 1054 secularis
1097 999 1152 1053 aut
1175 990 1403 1065 ecclesiastica,
1435 990 1619 1071 quicquam,
1649 985 1740 1069 quod
1762 983 1814 1048 his
1838 1005 1912 1048 con-

240 1077 373 1139 trarium
396 1076 445 1151 sit,
471 1076 503 1138 in
534 1075 651 1140 eadem
682 1078 841 1141 canonica
873 1079 1026 1142 inducere
1050 1099 1107 1141 seu
1139 1079 1244 1142 moliri
1276 1078 1405 1154 audeat,
1439 1099 1500 1142 nec
1533 1078 1709 1160 quicquam
1742 1075 1784 1138 de
1815 1074 1914 1137 bonis

240 1166 441 1248 praelibatae
465 1165 622 1228 decaniae
645 1175 701 1228 aut
724 1167 834 1249 aliqua
864 1168 928 1231 alia
958 1169 1020 1231 sibi
1045 1168 1226 1231 adtinentia
1256 1168 1345 1230 bona
1378 1167 1530 1231 invadere
1552 1166 1604 1230 vel
1637 1164 1827 1247 disperdere
1858 1172 1914 1227 aut

240 1255 316 1318 inde
339 1255 481 1318 alienare
505 1264 701 1336 praesumat.
739 1255 774 1320 Si
797 1257 870 1338 quis
886 1268 996 1321 autem
1012 1267 1127 1321 contra
1143 1258 1237 1321 huius
1252 1267 1382 1320 nostrae
1398 1257 1575 1320 sanctionis
1592 1256 1725 1318 decreta
1739 1253 1912 1317 temerario

239 1365 318 1407 ausu
334 1343 443 1407 venire
467 1345 684 1425 temptaverit,
708 1366 812 1427 usque
835 1346 877 1408 ad
902 1347 1037 1429 dignam
1059 1347 1317 1410 satisfactionem
1333 1345 1551 1409 anathematis
1568 1346 1686 1427 laqueo
1702 1363 1738 1406 se
1755 1343 1914 1406 irretitum

239 1435 375 1496 noverit.
413 1432 478 1514 Qui
494 1454 572 1495 vero
588 1432 669 1496 haec
686 1434 803 1497 eadem
819 1434 906 1499 fideli
924 1436 1101 1500 devotione
1117 1437 1291 1499 observare
1307 1437 1474 1511 curaverit,
1498 1437 1628 1498 divinae
1644 1432 1913 1497 remunerationis

238 1523 377 1604 gratiam
401 1533 435 1585 et
457 1521 659 1604 apostolicae
682 1523 922 1589 benedictionis
944 1526 998 1589 hic
1021 1535 1054 1589 et
1077 1527 1109 1588 in
1131 1525 1272 1589 futurum
1295 1536 1515 1606 consequatur
1536 1522 1805 1588 habundantiam.

398 1613 488 1675 Data
516 1612 696 1688 Lateranis,
728 1626 800 1676 xm.
824 1612 898 1676 Kal.
923 1615 1011 1691 Maii,
1043 1636 1104 1697 per
1135 1635 1250 1678 manus
1272 1615 1367 1690 Petri,
1398 1624 1531 1678 sanctae
1554 1615 1725 1676 Romanae
1756 1610 1913 1674 ecclesiae

239 1700 421 1782 presbyteri
446 1699 619 1764 cardinalis
642 1722 680 1764 ac
708 1702 957 1767 bibliothecarii.
1003 1705 1104 1768 Anno
1128 1717 1177 1767 ΧΠ
1201 1703 1412 1787 pontificatus
1435 1704 1548 1767 domni
1572 1701 1704 1767 secundi
1729 1699 1912 1764 Alexandri

238 1810 356 1872 papae.
402 1790 585 1853 Indictione
607 1805 653 1854 xl.

396 1903 521 1970 Abschrrss
537 1904 580 1955 der
599 1904 659 1955 coll.
678 1906 770 1957 Beluae
788 1907 860 1973 tdf.
880 1909 919 1967 9¹³,
939 1905 966 1956 in
983 1908 1027 1958 der
1042 1907 1106 1958 Bibl.
1126 1905 1256 1958 nationale
1273 1924 1303 1957 zu
1323 1907 1402 1958 Pani.

995 2190 1062 2266 Nr.
1096 2193 1154 2268 15.
1213 2215 1214 2219 ’

241 2338 367 2425 Gregor
390 2338 461 2404 VII
477 2339 630 2427 bestatigt
654 2338 728 2404 dem
751 2341 831 2407 Abte
855 2342 1029 2428 Christoplz
1050 2364 1114 2408 von
1138 2343 1207 2408 San
1228 2343 1338 2407 Pietro
1359 2343 1399 2406 di
1424 2340 1580 2407 Cremoruz
1602 2341 1658 2407 die
1680 2338 1913 2404 Besitztlu'c‘mer

684 2432 788 2496 seines
805 2429 950 2497 Klosters
965 2433 1038 2498 und
1049 2433 1189 2498 verleilrt
1203 2433 1271 2498 ihm
1290 2431 1407 2496 Reclrte
1424 2433 1458 2514 ¹).

944 2570 1030 2631 1078
1046 2568 1144 2631 Meirz
1158 2571 1207 2632 10.

397 2700 573 2782 Gregorius
595 2702 779 2783 episcopus,
809 2724 921 2767 servus
951 2723 1117 2766 servorum
1149 2702 1210 2779 dei,
1243 2703 1363 2766 dilecto
1387 2702 1420 2764 in
1444 2701 1573 2765 Christo
1605 2699 1672 2762 filio
1696 2697 1910 2772 Christosoro,

237 2788 350 2851 abbati
382 2792 569 2853 monasterii
601 2792 704 2853 sancti
735 2792 829 2868 Petri,
861 2794 1038 2856 constructi
1071 2794 1104 2855 in
1135 2793 1266 2856 civitate
1297 2792 1475 2868 Cremona,
1506 2791 1638 2870 suisque
1668 2787 1911 2851 successoribus

238 2877 361 2940 ibidem
383 2879 572 2961 regulariter
593 2879 837 2961 promovendis,
861 2883 906 2945 im
928 2893 1132 2964 perpetuum.
1179 2880 1326 2964 Superne
1355 2880 1577 2944 miseracionis
1600 2886 1749 2960 respectu
1780 2876 1823 2938 ad
1846 2875 1912 2940 hoc

236 2968 425 3031 universalis
448 2970 584 3032 ecclesie
607 2990 718 3033 curam
740 2972 942 3053 suscepimus
965 2982 999 3034 et
1021 2971 1195 3054 apostolici
1220 2968 1452 3034 moderaminis
1483 2967 1736 3033 sollicitudinem
1758 2967 1910 3048 gerimus,

237 3065 272 3119 ut
294 3057 385 3120 iustis
408 3060 616 3139 precancium
640 3060 725 3122 votis
749 3069 875 3124 attenta
897 3061 1101 3142 benignitate
1125 3061 1291 3124 faveamus
1315 3069 1348 3123 et
1371 3059 1542 3122 libramine
1566 3057 1719 3138 equitatis
1747 3056 1910 3132 omnibus,

238 3146 270 3207 in
293 3148 487 3211 necessitate
517 3150 641 3230 positis,
674 3159 833 3231 quantum
864 3150 927 3214 deo
952 3151 1097 3214 donante
1123 3171 1306 3234 possumus,
1338 3149 1510 3212 subvenire
1535 3147 1722 3222 debeamus,
1754 3146 1911 3227 precipue

236 3245 346 3299 tamen
370 3236 412 3299 de
434 3239 668 3301 venerabilium
693 3238 840 3302 locorum
863 3239 1041 3303 stabilitate
1056 3261 1117 3322 pro
1135 3240 1249 3303 debito
1272 3238 1398 3303 honore
1421 3258 1547 3302 summe
1564 3245 1598 3300 et
1613 3235 1796 3317 apostolice
1812 3234 1909 3310 sedis,

237 3325 326 3388 cuius
349 3327 498 3390 membra
519 3337 603 3403 sunt,
638 3340 796 3409 quantum
827 3349 870 3392 ex
894 3329 1004 3393 divino
1027 3329 1191 3393 adiutorio
1215 3328 1416 3412 possibilitas
1440 3329 1543 3403 datur,
1576 3325 1672 3388 nobis
1703 3323 1910 3407 pensandum

235 3424 268 3477 et
298 3415 515 3479 laborandum
549 3438 621 3480 esse
650 3418 893 3500 perpendimus.
946 3419 1087 3482 Proinde
1127 3420 1218 3482 iuxta
1258 3419 1459 3500 peticionem
1488 3416 1605 3497 (tuam)
1638 3415 1750 3477 omnia
1779 3412 1910 3495 prefato

234 3505 442 3582 monasterio,
467 3507 517 3568 cui
541 3516 575 3570 tu
599 3528 729 3589 preesse
754 3507 940 3584 dinosceris,
972 3519 1005 3572 et
1029 3509 1119 3590 quod
1141 3510 1292 3571 Romane
1316 3507 1452 3570 ecclesie
1476 3506 1649 3569 annualem
1673 3523 1806 3566 censum
1831 3502 1909 3566 duo·

234 3592 343 3656 decim
353 3594 560 3659 denariorum
568 3595 823 3660 Mediolanensis
839 3608 971 3662 monete
985 3598 1151 3680 persolvit,
1166 3596 1352 3660 huiusmodi
1364 3597 1534 3679 privilegia
1549 3593 1692 3678 presenti
1708 3592 1910 3656 auctoritatis

234 3693 343 3746 nostre
366 3683 498 3748 decreto
522 3685 737 3768 indulgemus,
767 3687 978 3751 concedimus
1000 3697 1099 3769 atque
1122 3687 1296 3751 firmamus.
1342 3686 1539 3763 Statuentes,
1572 3681 1695 3748 nullum
1719 3702 1833 3765 regum
1856 3683 1909 3746 vel

233 3772 476 3854 imperatorum,
499 3776 689 3851 antistitum,
719 3775 844 3839 nullum
868 3796 1074 3859 quacumque
1102 3777 1262 3860 dignitate
1285 3776 1459 3859 preditum,
1489 3777 1542 3839 vel
1574 3792 1774 3856 quemquam
1807 3772 1909 3835 alium

232 3861 360 3939 audere,
385 3862 504 3941 dehis,
529 3885 593 3946 que
616 3865 724 3929 eidem
746 3866 924 3929 venerabili
948 3867 1023 3930 loco
1047 3887 1067 3929 a
1090 3867 1290 3948 quibuslibet
1312 3865 1500 3929 hominibus
1524 3865 1565 3928 de
1589 3863 1724 3946 proprio
1750 3863 1818 3925 iure
1842 3863 1910 3925 iam

234 3955 357 4018 donata
372 3965 447 4018 sunt
460 3956 512 4018 vel
529 3956 561 4018 in
579 3954 730 4032 futurum,
746 3955 810 4019 deo
827 3956 1009 4033 miserante,
1027 3956 1147 4020 collata
1163 3956 1290 4032 fuerint,
1306 3956 1367 4019 sub
1385 3955 1556 4019 cuiuslibet
1571 3971 1668 4018 cause
1685 3954 1910 4019 occasionisve

233 4064 328 4126 spem
351 4045 496 4108 minuere
518 4045 571 4108 vel
595 4044 720 4108 auferre
742 4045 795 4108 vel
818 4046 887 4109 sive
909 4046 975 4109 suis
1005 4045 1117 4110 usibus
1146 4045 1312 4128 applicare
1334 4045 1387 4108 vel
1418 4042 1488 4108 aliis
1512 4045 1604 4127 quasi
1636 4043 1700 4125 piis
1732 4043 1774 4106 de
1804 4045 1911 4110 causis

234 4153 295 4215 pro
327 4155 384 4197 sue
414 4135 554 4198 avaricie
586 4135 803 4198 excusacione
832 4135 1023 4212 concedere,
1053 4135 1112 4198 sed
1148 4146 1274 4212 cuncta,
1305 4155 1369 4217 que
1400 4134 1446 4197 ibi
1477 4134 1592 4199 oblata
1620 4142 1696 4197 sunt
1718 4132 1770 4196 vel
1801 4132 1910 4198 offerri

235 4223 416 4305 contigerit,
440 4234 508 4287 tarn
524 4234 600 4300 ate,
625 4243 724 4304 quam
740 4224 783 4288 ab
799 4225 855 4301 eis,
879 4225 934 4307 qui
952 4225 1057 4288 intuo
1074 4224 1185 4289 officio
1201 4225 1342 4306 locoque
1358 4224 1581 4300 successerint,
1606 4222 1741 4305 perenni
1758 4231 1910 4305 tempore

234 4311 360 4375 illibata
382 4322 416 4376 et
437 4314 508 4376 sine
531 4313 755 4395 inquietudine
779 4313 888 4395 aliqua
908 4315 1059 4377 volumus
1074 4315 1244 4397 possideri,
1269 4333 1382 4377 eorum
1398 4314 1532 4396 quidem
1548 4314 1667 4387 usibus,
1691 4330 1753 4393 pro
1770 4331 1910 4392 quorum

234 4403 475 4466 sustentacione
497 4403 806 4485 gubemacioneque
830 4424 987 4467 concessa
1008 4414 1091 4481 sunt,
1116 4404 1224 4467 modis
1247 4403 1400 4466 omnibus
1422 4404 1609 4485 profutura3
1644 4410 1802 4484 preterea,
1825 4402 1911 4468 sicut

234 4491 484 4573 supradiximus,
508 4511 714 4574 quecumque
737 4512 823 4556 nunc
846 4494 929 4557 iuste
950 4491 1061 4569 habet,
1085 4504 1142 4557 aut
1164 4494 1388 4575 imposterum,
1413 4493 1477 4557 deo
1497 4501 1669 4566 annuente,
1694 4489 1816 4553 habere
1832 4511 1909 4556 con·

234 4580 351 4662 tigerit,
375 4582 407 4643 in
433 4580 633 4663 quibuslibet
656 4581 752 4645 rebus
775 4582 953 4647 mobilibus
973 4582 1025 4646 vel
1049 4583 1282 4646 immobilibus.
1327 4583 1410 4645 Item
1434 4582 1660 4647 constituimus
1687 4589 1731 4654 ut,
1763 4581 1910 4646 obeunte

234 4669 364 4746 abbate,
389 4691 456 4734 non
472 4671 553 4734 alius
569 4670 613 4735 ibi
638 4691 844 4754 quacumque
867 4672 1077 4754 obrepeionis
1100 4673 1224 4736 astucia
1239 4672 1415 4748 ordinetur,
1440 4674 1499 4736 nisi
1516 4691 1616 4755 quem
1631 4670 1745 4734 fratres
1761 4670 1909 4735 eiusdem

234 4759 363 4822 cenobii
388 4780 462 4823 cum
485 4761 650 4823 communi
675 4781 834 4824 consensu
862 4760 1041 4824 secundum
1064 4763 1216 4825 timorem
1240 4761 1292 4824 dei
1317 4760 1474 4843 elegerint
1496 4759 1781 4840 ordinandumque
1803 4761 1908 4843 previ·

234 4848 349 4925 derint,
373 4849 516 4913 maxime
532 4849 574 4913 de
589 4850 706 4914 eadem
722 4851 990 4934 congregacione,
1007 4852 1033 4915 si
1049 4851 1187 4915 idoneus
1202 4852 1352 4914 inventus
1368 4851 1470 4914 fuerit.
1502 4851 1603 4933 Quod
1618 4850 1645 4913 si
1661 4847 1743 4924 talis,
1761 4849 1816 4929 qui
1832 4848 1910 4914 huic

234 4938 381 5018 regimini
392 4935 585 5021 (congruat),
602 4940 753 5003 intereos
769 4940 904 5004 inveniri
920 4961 988 5003 non
1003 4942 1117 5023 possit,
1134 4961 1209 5004 cum
1225 4940 1362 5004 consilio
1378 4941 1603 5024 religiosorum
1618 4939 1761 5003 virorum
1776 4937 1909 5004 aliunde

232 5027 295 5089 sibi
311 5038 440 5108 patrem
455 5040 488 5092 et
504 5029 694 5111 magistrum
710 5040 877 5111 expetant.
915 5031 990 5093 Hoc
1014 5050 1146 5112 quoque
1162 5030 1304 5112 presenti
1321 5030 1464 5112 capitulo
1489 5029 1722 5111 subiungimus,
1747 5037 1783 5091 ut
1798 5028 1908 5111 ipsum

234 5119 467 5181 monasterium
490 5127 523 5181 et
546 5118 684 5182 abbates
715 5120 783 5183 eius
805 5120 858 5182 vel
881 5119 1033 5182 monachi
1062 5119 1104 5183 ab
1135 5120 1224 5183 omni
1254 5119 1406 5182 secularis
1437 5120 1562 5183 servicii
1593 5119 1658 5182 sint
1692 5116 1907 5183 infestacione

232 5206 334 5269 securi
359 5208 515 5288 omnique
537 5208 726 5290 gravamine
749 5209 914 5272 mundane
945 5206 1197 5291 oppresls)ionis
1226 5209 1359 5284 remoti,
1392 5209 1425 5271 in
1457 5218 1569 5272 sancte
1599 5206 1764 5290 religionis
1795 5207 1906 5271 obser-

232 5297 369 5360 vacione
392 5296 496 5361 seduli
520 5309 619 5378 atque
642 5298 752 5378 quieti,
785 5298 863 5361 nulli
888 5298 941 5360 alii
965 5298 1025 5360 nisi
1048 5299 1199 5361 Romane
1230 5308 1263 5362 et
1293 5297 1474 5379 apostolice
1506 5298 1585 5373 sedi,
1621 5299 1710 5361 cuius
1741 5296 1816 5360 iuris
1847 5306 1906 5375 est,

233 5385 342 5467 aliqua
364 5396 536 5451 teneantur
557 5387 732 5452 occasione
754 5387 902 5451 subiecti.
948 5388 1224 5451 Consecraciones
1247 5388 1347 5451 etiam
1370 5387 1579 5451 ecclesiarum
1611 5396 1645 5450 et
1676 5385 1907 5451 ordinaciones

233 5475 469 5539 monachorum
501 5477 569 5541 sive
600 5475 807 5553 clericomm,
838 5477 987 5559 sepefato
1019 5477 1159 5542 cenobio
1190 5476 1446 5560 pertinencium,
1478 5478 1521 5541 ab
1552 5476 1721 5560 episcopo,
1753 5478 1786 5541 in
1815 5476 1905 5540 cuius

394 5672 419 5737 ι)
444 5671 521 5738 Vergl.
540 5671 577 5721 die
597 5671 714 5723 Urhmde
730 5687 784 5721 vom
798 5670 906 5739 gleichen
928 5672 992 5739 Tage
1009 5670 1055 5721 mr‘t
1070 5671 1123 5721 dem
1142 5669 1251 5739 gleichcn
1269 5668 1356 5737 Incipit
1364 5671 1419 5737 fiir
1434 5671 1507 5733 Leno,
1538 5668 1617 5740 Jaffe',
1636 5673 1695 5740 Reg.
1713 5672 1781 5722 5069
1801 5670 1906 5739 (3800).
