3974 6188
220 235 265 300 60

220 423 296 501 illas,
320 443 400 504 quas
423 421 554 485 illustris
578 419 626 489 vir
648 415 847 481 Pelavicinus
872 417 1018 480 marchio
1043 436 1201 478 unacum
1227 435 1330 478 uxore
1354 422 1388 476 et
1409 414 1482 478 filiis
1504 415 1578 490 suis,
1611 410 1670 502 [et]
1695 410 1896 502 C[onrad]us

223 511 506 601 [Clavalcabovem
532 506 677 571 marchio
708 527 781 569 cum
805 527 863 569 sua
886 527 998 581 uxore,
1030 513 1062 568 et
1085 505 1215 568 vassalli
1247 505 1392 587 ipsorum
1427 504 1660 579 marchionum,
1692 512 1726 568 et
1756 503 1897 592 ecclesia

221 610 332 691 sancte
355 602 459 688 Marie
490 600 532 661 de
555 596 766 671 Castellione,
797 604 830 658 et
862 595 977 658 nobilis
1008 594 1141 676 signifer
1165 594 1351 680 Placentine
1383 595 1537 668 civitatis,
1571 603 1604 657 et
1635 589 1895 680 M[al]conredus

221 691 454 765 vicedominus,
478 697 511 751 et
526 686 628 750 Fulco
653 684 840 759 advocatus,
864 693 897 747 et
919 687 1041 747 Bonizo
1066 683 1108 746 de
1124 681 1262 759 Andito,
1287 691 1320 745 et
1335 681 1408 745 Ard
1426 732 1433 744 .
1450 733 1456 745 .
1473 704 1576 765 angus
1596 686 1624 763 ²)
1648 686 1720 748 vice
1743 685 1896 760 domnus,

222 789 256 846 et
279 780 444 845 Grimerus
468 786 502 841 et
523 777 697 840 Baiamons
720 777 792 837 vice
815 776 961 848 comites,
985 783 1017 836 et
1038 772 1193 837 Gislincio
1217 782 1250 836 et
1273 772 1456 836 Bernardus
1479 781 1513 835 et
1536 772 1697 836 lohannes
1720 781 1753 836 et
1776 772 1897 838 Calvus

223 871 348 945 fratres
378 869 431 932 filii
463 867 506 931 de
538 865 624 930 Salvi
654 862 857 937 Ardicionis,
890 872 923 925 et
954 862 1062 926 Malus
1092 883 1224 945 parens,
1262 871 1295 925 et
1326 862 1379 924 filii
1409 863 1558 938 Rainerii,
1590 863 1716 927 nobiles
1747 863 1897 950 predicte

223 960 369 1034 civitatis,
391 978 447 1021 seu
472 974 585 1019 omnes
608 954 662 1016 alii
686 953 764 1016 boni
787 953 852 1026 viri,
881 955 936 1031 qui
967 953 1073 1015 eidem
1096 952 1172 1015 loco
1196 951 1381 1015 devotionis
1408 952 1521 1014 intuitu
1545 953 1597 1016 vel
1620 953 1814 1016 venditionis
1837 973 1896 1015 seu

223 1048 403 1113 concambii
427 1055 527 1126 atque
550 1044 816 1106 commutationis
840 1041 1054 1116 contulerunt,
1078 1062 1158 1123 quas
1182 1042 1329 1104 nimirum
1354 1041 1498 1104 eiusdem
1523 1042 1586 1105 loci
1603 1041 1754 1106 fratribus
1769 1042 1897 1123 quietas

224 1148 257 1202 et
280 1138 397 1200 liberas
420 1139 490 1200 iure
513 1141 673 1216 perpetuo
698 1151 891 1214 permanere
915 1140 948 1193 et
963 1130 1006 1193 ab
1022 1133 1110 1194 omni
1126 1131 1261 1194 seculari
1278 1132 1450 1193 exactione
1470 1140 1615 1195 remotas
1630 1131 1701 1194 fore
1724 1132 1896 1194 sancimus.

223 1230 267 1292 Et
290 1228 444 1307 quoniam
468 1242 675 1287 communem
700 1223 799 1285 vitam
823 1229 957 1302 agentes
979 1222 1021 1283 de
1040 1221 1175 1284 aliorum
1192 1219 1402 1284 helemosinis
1425 1241 1464 1284 ac
1490 1220 1750 1301 beneficiantia(!)
1772 1221 1899 1283 debent

224 1319 341 1392 vivere,
371 1315 607 1384 constituimus,
638 1319 675 1373 ut
705 1312 748 1373 de
780 1309 957 1385 laboribus,
989 1331 1072 1392 quos
1100 1308 1216 1373 fratres
1240 1311 1341 1391 ipsius
1365 1309 1549 1373 monasterii
1581 1310 1721 1393 propriis
1746 1309 1898 1373 manibus

224 1413 280 1470 aut
310 1403 494 1487 sumptibus
527 1400 698 1475 excolunt,
730 1408 830 1481 atque
861 1400 904 1462 de
935 1400 1090 1462 omnibus
1122 1398 1332 1474 animalibus,
1365 1418 1429 1485 que
1458 1401 1611 1474 nutriunt,
1636 1398 1742 1462 nullus
1774 1398 1817 1462 ab
1850 1401 1898 1461 eis

224 1496 368 1558 decimas
392 1495 525 1575 exigere
548 1510 609 1553 nec
632 1490 799 1572 suscipere
822 1488 952 1552 audeat.
999 1489 1214 1552 Decemimus
1237 1490 1345 1563 etiam,
1369 1496 1404 1551 ut
1426 1508 1446 1550 a
1468 1488 1551 1564 loco,
1579 1489 1634 1571 qui
1658 1489 1777 1552 dicitur
1800 1490 1899 1552 Bara-

224 1584 326 1660 stalla,
359 1602 461 1663 usque
485 1578 628 1654 Seolum,
660 1587 693 1642 et
715 1600 734 1641 a
757 1575 857 1641 Seolo
885 1598 989 1657 usque
1012 1576 1254 1652 Florentiolam‚
1286 1583 1319 1639 et
1341 1598 1361 1640 a
1384 1576 1584 1642 Florentiola
1613 1598 1717 1659 usque
1740 1580 1899 1652 Butrium,

226 1683 258 1737 et
286 1695 306 1736 a
333 1673 446 1735 Butrio
477 1690 581 1752 usque
613 1667 655 1732 ad
687 1676 834 1730 sanctum
859 1666 1046 1743 Andream,
1078 1674 1111 1730 et
1142 1687 1162 1728 a
1191 1675 1305 1729 sancto
1337 1667 1472 1730 Andrea
1502 1688 1606 1749 usque
1637 1667 1679 1732 ad
1712 1669 1898 1750 predictam

225 1762 453 1836 Barastallam,
484 1779 567 1840 quos
596 1758 754 1820 terminos
785 1777 804 1819 a
835 1757 1010 1820 venerabili
1042 1757 1140 1819 fratre
1171 1765 1284 1818 nostro
1313 1754 1464 1819 Arduino
1496 1759 1656 1841 episcopo
1674 1755 1709 1842 ¹),
1741 1778 1802 1820 nec
1831 1778 1899 1821 non

226 1853 314 1917 clero
337 1860 371 1915 et
393 1849 517 1933 populo
535 1847 564 1932 b)
587 1847 776 1910 Placentino
799 1847 984 1928 specialiter
1007 1846 1193 1928 designatos
1217 1854 1316 1926 atquo
1347 1865 1366 1907 a
1390 1845 1549 1909 Lothario
1580 1846 1633 1910 dei
1661 1847 1764 1929 gratia
1794 1848 1900 1922 tertio,

225 1944 450 2006 Romanorum
473 1941 672 2021 imperatore
695 1941 843 2018 augusto,
875 1936 1083 1998 confirmatos
1107 1934 1176 1999 fore
1209 1938 1448 2016 cognoscimus,
1477 1935 1562 1999 nulla
1586 1936 1726 2000 ecclesia
1749 1936 1900 2018 quolibet

227 2040 376 2113 tempore
407 2035 612 2092 construatur
640 2025 791 2105 nullaque
814 2024 965 2111 secularis
987 2024 1147 2089 habitatio
1172 2045 1304 2106 prorsus
1328 2025 1393 2088 fiat
1440 2023 1606 2105 Quicquid
1630 2028 1728 2089 etiam
1754 2025 1899 2109 prefatus

227 2122 401 2204 episcopus
423 2119 466 2180 de
488 2117 589 2192 terris,
612 2114 654 2178 ad
679 2116 728 2178 ius
751 2117 800 2178 sui
824 2117 1034 2197 episcopatus
1058 2115 1302 2196 pertinentibus,
1327 2115 1461 2177 fratrum
1486 2135 1617 2179 suorum
1651 2115 1787 2179 consilio
1817 2117 1900 2179 iuste

227 2210 321 2274 vobis
345 2208 505 2272 concessit
528 2215 561 2268 et
590 2205 712 2286 scripto
742 2224 802 2267 suo
833 2204 982 2279 firmavit,
1013 2204 1251 2266 confirmamus.
1298 2202 1448 2268 Confinia
1470 2224 1613 2285 quoque,
1644 2224 1707 2292 que
1732 2204 1899 2287 predictus

227 2300 428 2364 Pelavicinus
452 2294 597 2359 marchio
622 2314 686 2357 una
716 2314 791 2357 cum
822 2313 926 2356 uxore
955 2302 987 2356 et
1010 2293 1082 2356 filiis
1105 2301 1139 2356 et
1162 2292 1331 2357 Conradus
1355 2293 1615 2358 Cavalcabovem
1647 2293 1792 2358 marchio
1825 2315 1899 2358 cum

228 2409 330 2452 uxore
358 2406 417 2450 sua
446 2387 490 2448 de
520 2385 615 2447 terris
647 2385 696 2446 sui
729 2384 803 2446 iuris
833 2404 894 2466 pro
926 2383 1072 2446 remedio
1103 2383 1281 2446 animarum
1314 2403 1445 2446 suarum
1475 2382 1605 2466 prefato
1635 2385 1833 2447 monasterio
1857 2384 1901 2447 de

229 2478 391 2543 Columba
422 2480 670 2547 concesserunt,
703 2481 735 2535 et
766 2472 830 2535 suis
860 2474 1002 2554 propriis
1033 2471 1180 2535 manibus
1211 2480 1408 2554 posuerunt,
1439 2479 1472 2536 et
1502 2473 1613 2555 scripti
1643 2475 1691 2537 sui
1723 2475 1901 2536 munimine

229 2568 438 2641 roborarunt,
469 2584 530 2626 nos
560 2582 694 2642 quoque
718 2561 911 2625 auctoritate
940 2562 1121 2642 apostolica
1152 2561 1346 2624 roboramus
1378 2570 1419 2637 et,
1451 2581 1492 2624 ne
1522 2565 1596 2643 quis
1626 2583 1665 2626 ea
1699 2571 1825 2626 mutare
1847 2563 1900 2626 vel

227 2657 398 2722 transferre
421 2662 596 2737 presumat,
621 2650 842 2733 prohibemus,
865 2649 1034 2713 videlicet:
1065 2651 1148 2713 sicut
1171 2653 1257 2713 rivus
1273 2652 1315 2713 de
1331 2653 1489 2714 Ponciore
1504 2653 1621 2715 transit
1636 2672 1740 2734 usque
1755 2653 1787 2714 in
1806 2652 1901 2729 viam,

229 2769 292 2835 que
315 2745 404 2811 vadit
427 2743 470 2806 ad
493 2740 638 2815 Seolum,
667 2749 701 2802 et
732 2742 816 2803 sicut
839 2742 910 2822 ipsa
933 2740 1072 2802 confinia
1104 2742 1213 2822 posita
1236 2748 1310 2803 sunt
1334 2742 1376 2803 de
1399 2761 1499 2823 super
1521 2738 1708 2805 Salecetum
1731 2743 1902 2822 usquead

228 2839 315 2900 viam
339 2855 402 2922 que
418 2833 509 2897 vadit
523 2832 565 2893 ad
582 2828 822 2903 castellionem,
847 2837 879 2891 et
894 2831 978 2891 sicut
1001 2830 1117 2892 eadem
1141 2832 1193 2892 via
1216 2831 1304 2892 vadit
1327 2833 1370 2893 de
1393 2850 1492 2912 super
1508 2829 1655 2894 Caudam
1679 2830 1721 2893 de
1737 2831 1902 2894 Luxerclo

230 2927 386 3009 usquein
410 2925 512 2986 rivum
538 2922 703 2994 Veterem,
726 2926 760 2981 et
780 2920 865 2981 sicut
887 2918 957 3000 ipse
982 2921 1067 2980 rivus
1091 2920 1183 2982 vadit
1206 2938 1308 2997 usque
1332 2921 1373 2982 ad
1389 2919 1607 2995 Budrachum,
1632 2927 1665 2983 et
1687 2923 1772 2983 sicut
1795 2923 1902 3003 ipsum

230 3013 437 3079 Budrachum
461 3010 551 3073 vadit
574 3009 742 3090 usquead
766 3007 878 3070 canale
901 3009 943 3070 de
967 3009 1209 3090 Burgundione,
1240 3017 1273 3071 et
1302 3010 1386 3071 sicut
1408 3011 1515 3091 ipsum
1547 3009 1658 3072 canale
1680 3009 1770 3073 vadit
1801 3027 1904 3090 usque

229 3107 272 3170 ad
295 3105 417 3169 clusam
440 3101 586 3164 eiusdem
603 3097 852 3178 Burgundionis,
876 3104 909 3159 et
932 3098 1015 3159 sieut
1038 3099 1124 3160 rivus
1147 3098 1189 3159 de
1213 3096 1392 3162 Fraseneto
1417 3097 1505 3161 vadit
1527 3099 1568 3161 ab
1593 3101 1664 3182 ipsa
1688 3099 1778 3162 clusa
1801 3120 1905 3182 usque

229 3196 272 3260 ad
296 3194 479 3279 predictum
503 3189 611 3252 locum
636 3188 679 3249 de
702 3187 865 3249 Pontiore.
911 3184 998 3249 Nulli
1022 3206 1101 3268 ergo
1125 3185 1296 3250 hominum
1321 3188 1370 3251 fas
1393 3189 1444 3263 sit,
1475 3188 1637 3270 prefatum
1669 3191 1904 3253 monasterium

230 3295 353 3349 temere
384 3278 592 3365 perturbare,
631 3283 687 3339 aut
716 3275 783 3338 eius
814 3277 1041 3356 possessiones
1071 3275 1212 3350 auferre,
1244 3277 1295 3339 vel
1326 3278 1453 3340 ablatas
1482 3279 1632 3353 retinere,
1663 3279 1808 3342 minuere
1846 3298 1904 3341 seu

230 3372 432 3456 quibuslibet
455 3366 613 3431 molestiis
636 3364 781 3446 fatigare,
806 3365 864 3426 sed
889 3367 998 3428 omnia
1022 3367 1148 3447 integra
1169 3376 1403 3430 conserventur
1422 3372 1462 3445 0),
1486 3367 1597 3431 usibus
1613 3367 1759 3443 fratrum,
1781 3367 1904 3432 ibidem

162 3500 169 3513 ·
230 3463 366 3528 domino
389 3456 621 3529 famulantium,
653 3453 832 3537 profutura,
863 3453 953 3517 salva
975 3455 1157 3536 apostolice
1180 3454 1268 3518 sedis
1291 3458 1493 3519 auctoritate.
1540 3454 1663 3539 Siqua
1693 3477 1772 3520 sane
1803 3457 1907 3520 eccle·

230 3554 359 3618 siastica
381 3547 574 3613 secularisve
597 3564 744 3626 persona,
767 3542 851 3607 hanc
866 3552 977 3606 nostre
993 3544 1233 3607 constitutionis
1250 3545 1402 3627 paginam
1425 3547 1540 3620 sciens,
1564 3554 1677 3610 contra
1693 3567 1766 3610 eam
1782 3555 1906 3610 temere

230 3644 339 3707 venire
369 3637 596 3719 temptaverit,
637 3634 783 3696 secundo
814 3633 953 3696 tertiove
984 3635 1201 3708 commonita,
1232 3635 1292 3697 nisi
1324 3637 1607 3718 presumptionem
1639 3656 1732 3699 suam
1764 3656 1907 3718 congrua

230 3730 451 3796 satisfactione
475 3725 662 3797 correxerit,
694 3723 869 3805 potestatis
900 3722 1098 3804 honorisque
1129 3725 1178 3786 sui
1212 3723 1355 3805 pericula
1387 3726 1537 3806 patiatur,
1569 3734 1602 3788 et
1633 3746 1653 3788 a
1685 3727 1906 3790 sacratissimo

231 3838 433 3904 corporeae
456 3814 613 3896 sauguine
636 3812 689 3875 dei
716 3820 749 3875 et
780 3812 912 3886 domini,
945 3813 1162 3895 redemptoris
1193 3815 1295 3875 nostri
1318 3812 1391 3876 lesu
1416 3812 1543 3889 Christi,
1574 3814 1680 3878 aliena
1710 3814 1776 3891 fiat,
1808 3824 1908 3897 atque

231 3914 262 3976 in
286 3918 435 3974 extremo
459 3905 609 3968 examine
631 3901 777 3965 districte
806 3901 918 3964 ultioni
942 3901 1133 3965 subiaceat.
1179 3901 1418 3966 Conservantes
1441 3912 1550 3966 autem
1580 3904 1641 3967 hec
1672 3904 1909 3987 omnipotentis

232 4002 285 4064 dei
325 4007 358 4062 et
395 3997 566 4060 beatorum
604 3993 690 4055 Petri
729 3999 762 4053 et
803 3990 905 4066 Pauli,
942 3992 1168 4074 apostolorum
1209 3993 1293 4068 eius,
1340 3995 1478 4075 gratiam
1518 4000 1770 4075 consequantur.
1832 3996 1908 4059 Am.

231 4088 353 4152 A-m.
376 4088 542 4151 A—men.
566 4117 610 4128 -

453 4174 510 4251 (R)
534 4171 606 4254 Ego
629 4170 749 4232 Lucius
772 4168 958 4257 ea[tholice]
982 4170 1120 4257 ecclesie
1144 4171 1321 4253 episcopus
1343 4190 1384 4232 ss.
1409 4169 1472 4249 (M)

445 4263 466 4342 Τ
490 4264 563 4343 Ego
588 4258 757 4323 Conradus
780 4258 968 4322 Sabinensis
992 4261 1171 4342 episcopus
1195 4280 1237 4321 ss.
1263 4261 1309 4340 (5)

444 4387 489 4403 -—
510 4354 531 4432 †
554 4347 627 4431 Ego
652 4348 821 4411 Rainerius
844 4347 1006 4431 presbiter
1028 4349 1200 4412 cardinalis
1223 4350 1271 4411 tit.
1294 4355 1406 4410 sancte
1430 4347 1540 4411 Prisce
1563 4368 1606 4410 ss.

444 4441 465 4522 †
489 4440 561 4522 Ego
584 4438 731 4500 Thomas
754 4437 917 4520 presbiter
940 4437 1110 4501 cardinalis
1134 4440 1181 4500 tit.
1206 4439 1344 4501 Vestine
1368 4457 1408 4499 ss.

445 4529 466 4612 †
489 4528 562 4611 Ego
585 4526 761 4590 Aribertus
785 4526 947 4610 presbiter
970 4527 1141 4590 cardinalis
1166 4528 1215 4589 tit.
1238 4535 1352 4590 sancte
1375 4525 1549 4614 Anastasie
1574 4547 1615 4589 ss.

445 4621 466 4699 †
489 4618 562 4701 Ego
578 4617 678 4699 Hugo
702 4618 864 4698 presbiter
879 4616 1030 4679 Romane
1053 4616 1192 4679 ecclesie
1215 4618 1263 4679 tit.
1279 4617 1381 4678 sancti
1396 4615 1562 4680 Laurentii
1584 4619 1616 4680 in
1631 4616 1754 4680 Lucina
1776 4638 1818 4680 ss.
1836 4617 1908 4701 (¹ls)

446 4710 467 4787 †
490 4706 563 4789 Ego
586 4706 683 4770 lulius
707 4706 868 4788 presbiter
891 4705 1063 4768 cardinalis
1086 4707 1134 4768 tit.
1157 4707 1261 4768 sancti
1286 4705 1432 4768 Marcelli
1456 4726 1498 4769 ss

446 4833 490 4845 —
512 4799 533 4877 †
556 4796 629 4878 Ego
653 4796 761 4861 Guido
784 4795 940 4859 diaconus
964 4795 1134 4858 cardinalis
1157 4802 1344 4857 sanctorum
1369 4793 1489 4882 Cosme
1513 4802 1546 4858 et
1569 4794 1722 4858 Damiani
1746 4814 1789 4857 ss.
1815 4792 1865 4879 (3)

445 4887 466 4969 †
489 4888 562 4968 Ego
585 4887 699 4949 Petrus
723 4884 880 4948 diaconus
904 4885 1074 4948 cardinalis
1097 4891 1210 4947 sancte
1234 4883 1336 4948 Marie
1359 4885 1390 4947 in
1414 4884 1544 4948 Porticu
1568 4904 1612 4946 ss.

394 4976 470 5039 Dat.
502 4975 668 5050 Laterani,
707 4995 766 5057 per
805 4995 936 5038 manum
976 4972 1150 5047 BARONJS,
1190 4983 1302 5037 sancte
1343 4975 1492 5037 Romane
1530 4973 1665 5038 ecclesie
1703 4972 1905 5035 subdiaconi.

232 5082 284 5130 1111
306 5065 383 5128 ldus
413 5064 471 5128 Iul.
494 5065 674 5128 indictione
697 5077 755 5127 vll.
800 5065 1034 5127 Incarnationis
1066 5065 1232 5126 dominice
1263 5085 1347 5127 anno
1379 5076 1538 5126 Mcxtml.
1586 5060 1799 5125 Pontificatus
1830 5082 1907 5124 vero

236 5156 370 5238 dompni
392 5155 495 5218 LUCII
518 5169 544 5218 11
567 5175 623 5238 pp.
646 5175 732 5217 anno
756 5156 872 5236 primo.

252 5342 257 5355 ¹
372 5270 441 5390 MOrl
463 5269 497 5388 ips
521 5268 634 5319 Archthio
657 5269 684 5318 di
701 5269 767 5318 Statu
785 5285 814 5318 au
842 5269 948 5326 Parnm,⁸
972 5266 1047 5332 lthpr'c
1064 5267 1107 5316 der
1126 5268 1213 5316 Brcllae
1232 5267 1302 5317 Pont.
1325 5267 1380 5316 eise.
1400 5266 1449 5316 Νη
1469 5267 1518 5316 589
1533 5273 1560 5330 p.
1580 5268 1642 5329 277,
1667 5266 1710 5315 der
1728 5264 1789 5315 Bihl.
1814 5265 1910 5314 Trivul·

235 5358 305 5391 marra
323 5358 352 5391 su
391 5358 497 5391 *aram

238 5637 264 5689 p
396 5565 423 5629 a)
441 5566 512 5614 Sonst
528 5565 661 5631 Ardengus
753 5562 780 5628 b)
802 5561 895 5626 popula
985 5562 1009 5626 c)
1029 5576 1044 5610 a
1063 5560 1159 5626 integra
1179 5574 1268 5610 conser
1286 5559 1337 5624 auf
1352 5560 1443 5612 Rasur.
1463 5597 1515 5604 .-
1536 5559 1574 5623 .1)
1593 5556 1721 5617 Ilardur'n,
1741 5555 1847 5620 Bisclof
1864 5572 1910 5606 von

264 5637 367 5698 incensa,
387 5640 417 5686 11
424 5639 568 5686 itt-1147.
