3982 6194
157 256 220 339 136

892 443 958 518 Nr.
991 447 1077 520 129.

151 576 345 640 Anastasius
369 576 393 638 l
399 573 430 637 V
448 574 598 658 bestdtigt
625 575 699 638 dem
730 574 944 658 Dompropste
975 575 1106 639 Roland
1127 597 1188 639 non
1222 574 1342 639 Arenae
1368 574 1424 637 die
1449 573 1666 658 Privilegien,
1700 573 1821 637 Besits-

571 664 699 727 tlzrimer
721 662 791 726 und
809 664 931 728 Rechte
953 664 1010 729 des
1033 665 1400 729 Kanonr'kerknnventes.

741 780 1048 854 1154Januar12.
1087 781 1236 844 Lateran.

310 895 503 958 Anastasius
535 896 725 977 episcopus,
757 915 869 958 servus
899 915 1065 959 servorum
1098 896 1166 972 dei,
1206 894 1328 958 dilecto
1359 891 1426 956 filio
1449 892 1617 968 Rolando,
1650 893 1822 975 preposito

153 985 288 1072 ecclesie
311 988 414 1048 sancti
431 985 552 1046 Donati
573 980 735 1068 Aretlini)
757 985 890 1065 eiusque
913 985 1153 1049 successoribus
1176 986 1333 1048 canonice
1355 982 1601 1057 substituendis,
1616 995 1656 1045 ΙΝ
1671 994 1752 1044 ΡΡΜ.
1769 980 1820 1065 -Ι

152 1074 188 1137 In
212 1075 392 1161 apostolice
416 1075 503 1136 sedis
533 1074 690 1153 regimine
721 1075 828 1137 divina
855 1076 1053 1156 disponente
1086 1075 1259 1138 clementia
1289 1074 1458 1136 constituti
1489 1091 1624 1134 necesse
1655 1071 1823 1146 habemus,

153 1159 332 1249 un[iversis]
365 1162 509 1225 ecclesiis
540 1171 676 1243 paterna
713 1163 934 1227 sollicitudine
965 1166 1139 1247 providere
1177 1173 1210 1226 et
1248 1164 1338 1225 iustis
1377 1161 1611 1243 postulantium
1651 1160 1824 1224 desideriis

153 1252 330 1315 clementer
357 1272 507 1315 annuere.
546 1248 717 1331 Quocirca,
741 1253 861 1315 dilecte
887 1256 919 1314 in
945 1255 1078 1317 domino
1102 1254 1156 1328 fili,
1179 1254 1354 1314 ROLANDE
1377 1252 1553 1333 preposite,
1576 1249 1824 1313 rationabilibus

152 1345 216 1404 tuis
240 1337 475 1426 petiltionlibus
507 1341 684 1422 benignum
717 1342 892 1423 prebemus
925 1362 1101 1419 assensum,
1133 1351 1166 1405 et
1196 1343 1464 1425 predecessorum
1496 1350 1692 1415 nostrorum,
1725 1338 1824 1401 felicis

154 1433 312 1518 memorie
342 1430 515 1493 Vrcnorus
547 1431 680 1493 secundi
699 1427 736 1513 ¹),
775 1432 954 1495 sanemur
995 1435 1072 1495 noni
1090 1433 1132 1512 ²),
1163 1430 1379 1493 Annxnunnr
1418 1428 1615 1508 secundi),
1657 1427 1824 1490 Fascius

153 1522 288 1582 secundi
305 1518 333 1601 4)
363 1528 395 1582 et
419 1519 573 1582 EUGENH
601 1520 686 1582 tertii
703 1519 739 1599 ᾗ),
763 1519 986 1583 Romanorum
1012 1522 1210 1603 pontificum,
1240 1520 1384 1601 vestigiis
1417 1517 1609 1591 inherentes,
1640 1517 1822 1599 predictam

154 1610 243 1672 beati
267 1609 389 1671 Donati
415 1608 595 1682 ecclesiam,
626 1611 658 1670 in
683 1629 747 1690 qua
770 1611 927 1692 prepositi
953 1609 1071 1685 officio,
1104 1611 1261 1692 largiente
1285 1610 1435 1683 domino,
1466 1607 1618 1689 fungeris
1652 1607 1714 1670 sub
1740 1606 1824 1669 beati

156 1698 242 1760 Petri
275 1706 307 1760 et
344 1707 455 1761 nostra
492 1699 697 1779 protectione
728 1701 921 1780 suscipimus
953 1708 986 1761 et
1015 1702 1177 1783 presentis
1211 1699 1324 1781 scripti
1364 1696 1536 1779 privilegio
1574 1696 1822 1759 communimus.

154 1787 356 1850 Donationes
372 1806 506 1868 quoque
521 1794 554 1849 et
570 1789 808 1862 concessiones,
832 1788 1094 1852 confirmationes
1113 1788 1141 1874 ει)
1163 1791 1271 1864 etiam,
1295 1787 1376 1849 sicut
1398 1785 1633 1849 rationabiliter
1648 1806 1669 1847 a
1687 1784 1716 1864 b)
1740 1784 1824 1871 bonp

156 1879 312 1961 memorie
344 1876 566 1938 Tnnommo
584 1876 625 1954 ⁶),
662 1876 907 1953 Haeserunt),
938 1877 1107 1941 Acsnano
1124 1878 1159 1956 ⁸),
1188 1877 1370 1940 Annuno
1388 1875 1413 1951 ⁹)
1445 1884 1479 1938 et
1508 1873 1768 1937 Consrnnnno
1786 1876 1823 1953 ¹⁰)

156 1968 321 2048 episcopis
344 1965 403 2028 tibi
426 1967 553 2045 tuisque
576 1967 817 2029 successoribus
848 1967 932 2054 facte
963 1977 1039 2031 sunt
1069 1977 1110 2043 et,
1141 1988 1205 2049 que
1236 1970 1268 2028 in
1299 1964 1469 2048 privilegio
1492 1964 1688 2027 venerabilis
1721 1963 1824 2026 fratris

156 2058 265 2128 nostri,
294 2055 458 2129 leronimi,
490 2075 574 2116 nunc
605 2056 748 2118 eiusdem
773 2056 836 2118 loci
859 2058 1006 2138 episcopi
1025 2056 1073 2140 ¹¹),
1105 2057 1250 2139 legitime
1274 2056 1485 2127 continentur,
1516 2055 1712 2116 auctoritate
1742 2052 1824 2115 sedis

156 2143 335 2231 apostolice
367 2144 427 2207 tibi
458 2145 588 2223 tuisque
617 2145 861 2207 successoribus
896 2146 1125 2209 confirmamus
1163 2156 1196 2209 et
1227 2145 1341 2207 futuris
1371 2143 1575 2224 temporibus
1607 2143 1825 2223 [perma]nere

156 2234 368 2296 decernimus.
413 2232 655 2295 Decimationes
678 2234 802 2297 scilicet
825 2255 867 2297 ex
891 2245 976 2298 terra
999 2237 1062 2311 illa,
1085 2256 1183 2315 quarn
1207 2244 1241 2298 tu
1258 2242 1291 2297 et
1313 2234 1471 2295 canonica
1493 2234 1595 2293 sancti
1619 2229 1745 2293 Donati
1769 2251 1825 2314 per

156 2324 368 2385 donationem
393 2323 606 2403 imperatoris,
628 2343 750 2404 regum,
780 2323 1000 2387 marchionum
1025 2333 1058 2388 et
1081 2324 1214 2387 aliorum
1238 2324 1290 2385 dei
1313 2321 1455 2385 fidelium
1480 2320 1625 2402 legitime
1647 2321 1823 2404 possidetis

157 2424 213 2475 aut
235 2420 311 2493 post
333 2409 395 2473 hac
418 2411 507 2473 iustis
531 2413 638 2473 modis
662 2415 812 2493 poteritis
835 2414 980 2495 adipisci,
1013 2414 1259 2487 ordinationem,
1291 2412 1473 2474 custodiam
1505 2418 1538 2472 et
1561 2410 1634 2484 alia,
1666 2429 1732 2489 que
1756 2429 1824 2491 pre·

156 2502 346 2565 decessores
369 2501 415 2562 tui
439 2521 457 2561 a
477 2512 628 2582 tempore
647 2501 782 2564 locundi
802 2502 838 2582 ¹⁹)
861 2505 1019 2584 prepositi
1043 2506 1075 2565 in
1099 2503 1247 2585 plebibus
1269 2500 1397 2563 Aretini
1421 2508 1455 2561 et
1478 2499 1630 2563 Senensis
1653 2499 1824 2561 comitatus

157 2592 315 2653 canonice
335 2594 362 2668 c)
385 2587 537 2651 habuisse
560 2599 743 2665 noscuntur,
775 2611 838 2677 que
861 2600 936 2653 sunt
958 2593 1068 2674 viginti
1093 2601 1127 2655 et
1149 2613 1221 2666 una,
1246 2611 1380 2673 quarum
1405 2597 1544 2671 quatuor
1566 2590 1608 2650 ad
1633 2589 1823 2651 canonicam

157 2680 245 2742 beati
268 2679 390 2741 Donati
413 2678 592 2760 spetialiter
615 2682 787 2761 pertinent,
816 2701 890 2742 cum
914 2683 1002 2743 omni
1025 2683 1092 2743 iure
1115 2701 1184 2756 suo,
1216 2678 1381 2742 videlicet:
1416 2678 1553 2740 ecclesia
1575 2679 1679 2740 sancti
1705 2674 1824 2757 Quiriti

158 2772 190 2832 in
215 2766 350 2831 Osenna
368 2766 416 2845 ¹⁸),
444 2770 548 2829 sancti
571 2767 640 2830 Viti
663 2769 694 2830 in
719 2768 916 2844 Corsiniano,
948 2770 1085 2832 ecclesia
1115 2770 1216 2832 sancti
1238 2768 1381 2831 Victoris
1411 2769 1443 2830 in
1466 2766 1639 2848 Rapolano
1666 2774 1702 2829 et
1725 2767 1824 2828 sancti

158 2856 311 2921 Iohannis
341 2859 372 2918 in
396 2857 556 2929 Vescona‚
588 2858 629 2918 ad
662 2856 723 2920 hec
756 2859 915 2939 capellam
944 2859 1045 2921 sancti
1069 2859 1246 2922 Clementis
1277 2861 1310 2920 in
1340 2865 1453 2920 monte
1476 2856 1633 2930 Cercone,
1666 2855 1824 2937 capellam

158 2948 260 3010 sancti
283 2945 462 3010 Salvatoris
485 2948 517 3007 in
541 2945 653 3032 Turre,
683 2947 843 3028 capellam
867 2949 968 3010 sancti
992 2947 1119 3010 Ansani
1142 2950 1173 3011 in
1197 2946 1332 3024 Zumuli,
1363 2945 1522 3027 capellam
1546 2945 1589 3007 de
1612 2944 1720 3008 Fossa
1743 2964 1824 3018 ceca,

159 3035 319 3118 capellam
342 3037 444 3097 sancti
468 3035 594 3097 Ansani
622 3037 654 3097 in
677 3034 790 3110 Arbia,
821 3038 1009 3100 canonicam
1029 3037 1058 3116 d)
1082 3037 1183 3099 sancti
1208 3036 1336 3099 Martini
1366 3036 1397 3097 in
1421 3035 1635 3115 Rivomagn0,
1666 3033 1825 3114 capellam

159 3127 264 3188 sancti
292 3123 387 3188 Blasii
418 3125 451 3186 in
480 3121 647 3199 Cannuce,
685 3124 817 3206 plebem
848 3129 951 3189 sancti
982 3127 1068 3189 Petri
1100 3129 1131 3188 in
1163 3124 1265 3200 Creti,
1297 3125 1430 3208 plebem
1460 3132 1572 3209 sancte
1603 3121 1767 3209 Christine
1796 3123 1825 3184 in

158 3214 309 3290 Bacialla,
333 3212 492 3295 capellam
516 3215 617 3275 sancti
639 3212 767 3296 Angeli,
799 3223 832 3276 et
855 3217 1010 3295 quicquid
1035 3217 1192 3278 canonica
1214 3216 1302 3279 beati
1326 3215 1447 3276 Donati
1471 3213 1571 3275 habet
1604 3214 1635 3274 in
1659 3212 1826 3285 Fercione,

160 3303 320 3386 capellam
344 3304 447 3365 sancti
470 3301 589 3384 Angeli
611 3304 642 3364 in
666 3301 794 3378 Sicheo,
818 3304 978 3386 capellam
1002 3305 1104 3367 sancti
1124 3303 1244 3386 Angeli
1268 3307 1300 3367 in
1325 3302 1508 3376 Castilione,
1533 3300 1693 3384 capellam
1717 3308 1827 3386 sanctp

161 3393 264 3476 Marie
301 3394 333 3456 in
365 3391 589 3472 Petrognan0,
627 3391 784 3474 capellam
823 3397 927 3456 sancti
958 3395 1066 3457 lacobi
1105 3396 1137 3456 in
1169 3395 1329 3466 Mercato,
1370 3391 1528 3474 capellam
1566 3393 1669 3453 sancti
1704 3390 1826 3452 Donati

162 3485 194 3546 in
223 3483 446 3564 Pergognano,
477 3479 633 3562 capellam
665 3484 767 3544 sancti
797 3482 962 3547 Laurentii
995 3486 1027 3545 in
1052 3481 1170 3557 Broilo,
1201 3482 1360 3564 capellam
1389 3483 1492 3544 sancti
1516 3481 1638 3543 Donati
1662 3481 1694 3543 in
1718 3485 1829 3541 monte

163 3571 262 3646 Tino,
293 3569 451 3652 capellam
483 3570 582 3632 sancti
606 3570 726 3651 Angeli
758 3572 801 3633 de
824 3572 936 3646 Prato,
967 3573 1126 3653 capellam
1157 3581 1269 3634 sancte
1292 3572 1432 3653 Agnetis
1463 3572 1496 3633 in
1526 3571 1655 3632 civitate
1683 3563 1828 3641 Aretina,

162 3659 292 3744 plebem
316 3662 419 3723 sancti
442 3656 599 3740 Stephani
623 3661 655 3722 in
680 3659 791 3723 Classe
814 3681 887 3723 cum
912 3661 1047 3743 capellis
1068 3670 1101 3725 et
1123 3661 1324 3744 pertinentiis
1347 3663 1428 3734 suis,
1453 3659 1655 3722 oblationem
1679 3656 1828 3720 altarium

163 3749 298 3834 ecclesie
321 3749 407 3812 beati
431 3748 552 3811 Donati
584 3768 657 3810 cum
681 3750 783 3813 tribus
806 3751 953 3832 partibus
982 3749 1183 3826 letaniarum,
1215 3752 1299 3812 sicut
1322 3751 1354 3811 in
1377 3749 1504 3830 scriptis
1527 3746 1665 3811 Arnaldi
1688 3756 1723 3810 et
1746 3743 1830 3809 Con-

162 3840 309 3913 stantini,
346 3838 556 3900 Aretinorum
594 3840 841 3920 episcoporum,
880 3840 1112 3903 rationabiliter
1152 3841 1344 3902 continetur.
1398 3841 1564 3915 Preterea,
1603 3836 1694 3919 quod
1733 3855 1830 3917 super

162 3929 324 3991 electione
343 3925 554 3990 Aretinorum
578 3928 809 4008 episcoporum
833 3936 866 3991 et
888 3949 987 4012 super
1010 3929 1169 3992 electione
1192 3928 1409 3991 archidiaconi
1433 3936 1467 3989 et
1489 3925 1663 4008 primicerii
1697 3931 1731 3987 et
1754 3943 1830 3986 con·

162 4016 345 4081 firmatione
375 4036 487 4079 eorum
510 4015 541 4077 in
572 4017 700 4096 scriptis
723 4016 873 4079 leronimi
904 4019 1051 4100 episcopi
1075 4021 1158 4081 iuste
1181 4026 1215 4080 et
1237 4019 1393 4081 canonice
1416 4024 1572 4079 statutum
1604 4022 1663 4088 est,
1693 4014 1830 4100 Aretine

163 4107 298 4171 ecclesie
330 4105 507 4168 secundum
546 4107 814 4168 consuetudinem
845 4109 946 4188 ipsius
980 4106 1206 4171 nichilominus
1227 4107 1256 4190 e)
1287 4106 1526 4169 confirmamus.
1572 4101 1773 4177 Statuentes,
1796 4110 1831 4163 ut

163 4214 385 4276 quascumque
409 4195 643 4275 possessiones,
667 4214 872 4274 quecumque
900 4192 1010 4282 bonla]
1041 4197 1168 4279 prefata
1192 4196 1329 4260 ecclesia
1353 4199 1385 4258 in
1416 4194 1650 4278 presentiarum
1682 4194 1768 4254 iuste
1799 4198 1831 4253 et

163 4287 318 4348 canonice
349 4284 497 4365 possidet
526 4292 582 4345 aut
612 4284 642 4344 in
672 4283 815 4347 futurum
846 4285 1090 4349 rationabilibus
1121 4288 1229 4349 modis
1260 4287 1324 4348 deo
1353 4287 1498 4366 propitio
1529 4285 1651 4366 poterit
1680 4281 1830 4363 adipisci,

163 4374 256 4436 firma
286 4373 345 4435 tibi
377 4375 506 4453 tuisque
536 4373 779 4436 successoribus
809 4382 842 4437 et
872 4374 995 4437 illibata
1025 4384 1247 4456 permaneant.
1299 4374 1512 4437 Decernimus
1542 4393 1638 4454 ergo,
1678 4380 1716 4434 ut
1754 4367 1831 4432 nulli

163 4463 295 4526 omnino
325 4461 493 4524 hominum
523 4460 633 4536 liceat,
667 4463 827 4545 prefatam
861 4463 1030 4527 ecclesiam
1055 4511 1062 4525 .
1088 4513 1093 4527 .
1118 4513 1125 4525 .
1150 4465 1258 4527 usibus
1290 4464 1485 4526 omnimodis
1515 4459 1702 4546 profutura,
1740 4457 1832 4522 salva

162 4552 250 4615 sedis
280 4549 459 4637 apostolice
491 4553 684 4614 auctoritate
714 4561 747 4615 et
770 4551 897 4615 Aretini
928 4554 1075 4635 episcopi
1106 4555 1260 4617 canonica
1290 4554 1424 4617 iusticia.
1478 4550 1512 4615 Si
1544 4571 1610 4633 qua
1640 4550 1833 4633 igitur...

164 4641 297 4705 Cunctis
319 4648 428 4703 autem
453 4687 459 4700 .
485 4688 491 4701 .
517 4687 523 4702 .
547 4641 719 4703 inveniant.
765 4641 883 4704 Amen,
908 4678 947 4688 —
972 4640 1062 4705 A·m.
1086 4679 1130 4690 -
1152 4643 1270 4707 Amen.
1293 4678 1337 4688 —

375 4727 433 4809 (R)
458 4726 531 4810 Ego
554 4728 747 4793 Anastasius
771 4731 932 4819 catholice
956 4733 1093 4819 ecclesie
1116 4736 1292 4816 episcopus
1316 4753 1356 4795 ss.
1381 4730 1445 4816 (M)

377 4816 397 4898 †
420 4818 493 4898 Ego
516 4816 655 4881 limarus
678 4819 879 4883 Tusculanus
903 4822 1076 4904 episcopus
1100 4843 1140 4890 ss

378 4903 398 4988 †
421 4907 493 4988 Ego
518 4907 617 4989 Hugo
641 4907 825 4972 Hostiensis
849 4913 1023 4993 episcopus
1046 4931 1087 4973 ss.
1112 4910 1181 4995 (13)

375 5031 420 5042 —
442 4994 462 5077 †
485 4997 559 5078 Ego
584 4995 858 5082 GG.(Gregorius)
882 5001 1042 5082 presbiter
1065 5000 1236 5065 cardinalis
1260 5000 1306 5063 tit.
1331 4999 1447 5064 calixti
1470 5018 1511 5060 ss.

377 5079 397 5167 i
421 5083 494 5166 Ego
519 5083 628 5149 Guido
652 5088 814 5170 presbiter
836 5091 1007 5153 cardinalis
1031 5093 1132 5153 sancti
1158 5088 1330 5171 Grisogoni
1353 5110 1394 5151 ss

376 5171 396 5255 †
419 5173 493 5255 Ego
516 5172 689 5239 Hubaldus
712 5178 873 5259 presbiter
896 5180 1064 5242 cardinalis
1086 5182 1135 5243 tit.
1158 5188 1269 5242 sancte
1292 5178 1448 5241 Praxedis
1471 5194 1511 5238 ss.

325 5370 349 5423 a)
369 5366 564 5419 confirmationis
647 5371 673 5437 b)
694 5378 719 5422 et
796 5375 820 5435 c)
840 5389 855 5422 a
872 5374 925 5438 aus
935 5375 1020 5422 Rasur
1090 5374 1118 5438 d)
1137 5374 1181 5423 das
1197 5381 1289 5422 ersten
1307 5374 1359 5439 ares
1371 5375 1455 5422 Rancr
1524 5372 1550 5431 e)
1569 5385 1586 5419 o
1602 5368 1655 5432 nus
1667 5369 1760 5416 Rasur.
1781 5407 1832 5413 --.

167 5438 202 5503 ,1)
215 5435 292 5486 Nisi!
308 5435 422 5489 crinitos
496 5446 522 5504 2)
545 5439 622 5510 Jaffc',
640 5445 699 5510 Reg.
713 5445 789 5495 3318.
862 5450 889 5511 3)
912 5442 971 5494 Urk.
984 5461 1039 5494 vom
1051 5446 1084 5494 20
1097 5446 1229 5510 September
1242 5448 1318 5494 1064.
1389 5450 1417 5508 4)
1441 5443 1500 5493 Urk.
1513 5440 1744 5507 vomSSeptember
1755 5446 1831 5494 11⁰5.

166 5511 194 5575 ς)
212 5508 287 5557 Nisi!
302 5511 415 5559 ntalren.
488 5513 514 5576 6)
538 5512 1148 5580 TheobaldBischosvnzArm1023-1036.
1212 5519 1237 5583 7)
1257 5517 1376 5579 Elimpert
1390 5517 1426 5576 II,
1447 5516 1627 5565 rost-1104.
1701 5511 1728 5578 8)
1741 5517 1831 5574 Alteri,

167 5580 311 5631 tots-c.
330 5585 407 5632 1022.
493 5587 520 5650 9)
539 5586 640 5636 Arnald
658 5590 834 5638 root—1063.
921 5589 964 5647 1ο)
983 5589 1137 5648 Abnslnrrtin,
1158 5591 1338 5641 1064-1031.
1425 5592 1467 5654 11)
1491 5587 1625 5646 Girolanro,
1646 5587 1832 5637 aru-1177.

169 5650 211 5718 12)
236 5651 313 5718 Vergl.
330 5654 367 5703 die
384 5655 632 5708 Kardinalsurkunde
650 5676 670 5708 c.
691 5662 859 5711 tris-1143
876 5662 901 5711 in
922 5661 1152 5728 &wgk-Hnmung,
1173 5661 1329 5725 lterpAoo.
1406 5663 1448 5728 13)
1472 5660 1548 5725 Vergl.
1568 5659 1648 5725 vmge
1665 5659 1833 5726 Anmerkung.
