3974 6188
230 266 270 333 52

228 443 340 504 omnia
362 442 488 524 integra
511 452 742 505 conserventur
764 463 885 518 eorum,
917 463 978 524 pro
1008 462 1146 524 quorum
1169 442 1408 523 gubernatione
1432 449 1465 503 et
1487 443 1725 505 sustentatione
1748 463 1908 507 concessa

228 542 312 607 sunt,
337 532 448 595 usibus
472 532 671 594 omnimodis
693 532 870 613 profutura,
894 533 984 594 salva
1008 533 1040 593 in
1065 532 1218 595 omnibus
1241 541 1353 593 sancte
1369 532 1520 593 Romane
1544 531 1679 595 ecclesie
1700 534 1907 597 auctoritate.

229 620 264 684 Si
296 641 360 702 qua
393 622 490 702 igitur
520 622 551 682 in
583 621 724 683 futurum
748 621 967 684 ecclesiastica
998 622 1191 683 secularisve
1223 641 1371 701 persona¹
1404 620 1488 682 hanc
1521 631 1631 683 nostre
1662 624 1908 686 constitutionis

228 711 384 791 paginam
407 712 520 785 sciens,
545 721 660 773 contra
683 730 755 773 eam
778 721 900 772 temere
924 712 1033 773 venire
1057 711 1275 791 temptaverit,
1300 710 1444 771 secundo
1475 711 1613 772 tertiove
1636 712 1849 788 commonita,
1879 713 1907 775 si

230 819 296 861 non
319 800 541 862 satisfactione
565 820 709 881 congrua
732 801 964 875 emendaverit,
988 801 1161 881 potestatis
1185 799 1384 880 honorisque
1408 799 1456 860 sui
1487 799 1646 880 dignitate
1671 811 1780 864 careat
1803 822 1908 864 ream·

231 908 294 969 que
324 910 359 952 se
391 891 502 952 divino
534 890 654 951 iudicio
678 890 817 951 existere
848 889 889 951 de
920 900 1109 970 perpetrata
1141 889 1311 969 iniquitate
1343 898 1537 969 cognoscat,
1571 898 1604 950 et
1634 909 1654 949 a
1686 892 1907 954 sacratissimo

231 998 369 1060 corpore
393 989 426 1042 et
448 980 605 1060 sanguine
629 979 682 1041 dei
706 988 739 1040 et
763 978 897 1054 domini,
921 978 1138 1059 redemptoris
1162 979 1264 1040 nostri
1287 978 1358 1039 Iesu
1383 976 1516 1052 Christi,
1540 977 1646 1040 aliena
1669 978 1726 1040 fiat
1749 988 1850 1062 atque
1873 982 1909 1042 in

231 1078 379 1131 extremo
396 1069 547 1131 examine
564 1067 709 1130 districte
725 1067 857 1130 ultionis
873 1068 1049 1130 subiaceat.
1088 1067 1222 1131 Cunctis
1238 1075 1357 1141 autem,
1375 1068 1481 1128 eidem
1499 1066 1574 1129 loco
1592 1068 1676 1130 iusta
1690 1071 1908 1144 servantibus,

231 1157 273 1219 sit
295 1178 363 1239 pax
387 1158 512 1220 domini
536 1157 638 1219 nostri
662 1155 733 1219 lesu
757 1155 884 1231 Christi,
915 1168 1075 1237 quatenus
1098 1157 1206 1219 ethic
1231 1156 1368 1218 fructum
1393 1157 1481 1218 bone
1505 1156 1644 1218 actionis
1667 1159 1852 1240 percipiant
1876 1170 1911 1221 et

232 1246 321 1327 apud
345 1248 525 1310 districtum
551 1246 691 1308 iudicem
715 1247 840 1326 premia
863 1256 974 1308 eterne
997 1247 1088 1326 pacis
1112 1247 1287 1308 inveniant.
1334 1245 1453 1307 Amen.
1476 1244 1596 1307 Amen.
1621 1245 1740 1309 Amen.

446 1336 501 1414 (R)
526 1335 599 1416 Ego
623 1334 805 1399 Celestinus
828 1335 989 1397 catholice
1014 1335 1149 1398 ecclesie
1173 1336 1348 1415 episcopus
1371 1355 1411 1396 ss.
1436 1334 1498 1413 (M)

447 1422 468 1506 †
491 1425 564 1505 Ego
589 1424 698 1488 Guido
723 1425 884 1505 presbiter
907 1424 1080 1487 cardinalis
1103 1426 1151 1486 tit.
1176 1425 1279 1485 sancti
1304 1423 1479 1505 Grisogoni
1503 1443 1544 1484 ss.

447 1511 467 1594 †
491 1514 564 1595 Ego
587 1514 700 1576 Petrus
723 1513 885 1594 presbiter
908 1513 1081 1575 cardinalis
1104 1515 1152 1576 tit.
1175 1513 1318 1575 Pastoris
1342 1534 1382 1575 33.

447 1600 468 1684 †
491 1602 564 1684 Ego
587 1602 760 1665 Hubaldus
784 1603 945 1684 presbiter
968 1602 1140 1665 cardinalis
1164 1603 1211 1664 tit.
1236 1612 1347 1664 sancte
1371 1602 1526 1663 Praxedis
1550 1622 1590 1663 ss.

448 1689 468 1775 †
491 1693 564 1773 Ego
590 1691 779 1754 Mansredus
802 1693 964 1774 presbiter
986 1692 1159 1754 cardinalis
1183 1692 1230 1753 tit.
1254 1702 1366 1753 sancte
1390 1690 1510 1754 Savine
1533 1712 1574 1753 ss.

448 1778 468 1863 †
491 1782 564 1862 Ego
588 1779 775 1862 Stephanus
798 1782 1004 1844 Prenestinus
1029 1781 1205 1862 episcopus
1228 1801 1269 1842 ss

448 1867 468 1952 †
491 1870 564 1951 Ego
588 1871 700 1931 Petrus
723 1869 924 1933 Albanensis
947 1871 1124 1952 episcopus
1146 1892 1187 1932 ss.

449 1956 469 2042 †
492 1958 565 2040 Ego
590 1960 671 2022 Otto
696 1960 853 2022 diaconus
877 1961 1049 2022 cardinalis
1073 1960 1115 2021 de
1137 1969 1250 2021 sancto
1275 1957 1419 2038 Georgio
1444 1959 1485 2020 ad
1509 1957 1628 2020 Velum
1651 1979 1785 2020 aureum
1808 1980 1850 2021 33.

449 2045 469 2130 †
492 2048 565 2129 Ego
589 2048 750 2111 lohannes
775 2050 931 2111 diaconus
954 2048 1126 2111 cardinalis
1149 2058 1261 2111 sancte
1286 2048 1388 2109 Marie
1412 2067 1496 2109 nove
1519 2068 1560 2109 ss.

449 2134 470 2218 †
492 2138 565 2219 Ego
589 2138 759 2200 Rainerius
783 2139 944 2219 presbiter
967 2138 1139 2200 cardinalis
1163 2139 1211 2199 tit.
1234 2147 1346 2198 sancte
1370 2137 1477 2198 Prisce
1500 2157 1541 2198 ss.

449 2223 470 2307 †
493 2226 566 2307 Ego
591 2226 694 2290 Goizo
718 2229 880 2308 presbiter
902 2227 1074 2290 cardinalis
1098 2228 1145 2289 tit.
1168 2234 1280 2289 sancte
1304 2224 1424 2289 Cecilie
1447 2245 1488 2287 ss.

450 2312 470 2395 †
493 2316 567 2397 Ego
590 2316 738 2378 Thomas
761 2318 921 2398 presbiter
944 2316 1117 2379 cardinalis
1140 2317 1189 2379 tit.
1214 2326 1326 2379 sancte
1350 2315 1486 2377 Vestine
1509 2335 1550 2376 ss.

450 2401 471 2485 †
495 2406 568 2486 Ego
592 2405 714 2468 lmarus
738 2407 989 2469 Tusculanensis
1013 2407 1188 2487 episcopus
1210 2427 1252 2468 ss.

451 2490 472 2573 †
494 2495 568 2575 Ego
592 2493 762 2558 Conradus
786 2492 976 2558 Sabinensis
1000 2496 1175 2576 episcopus
1198 2516 1240 2557 33.

450 2579 471 2663 †
493 2585 566 2664 Ego
591 2583 768 2665 Gregorius
792 2586 948 2647 diaconus
971 2585 1143 2647 cardinalis
1166 2595 1278 2647 sancte
1303 2583 1405 2645 Marie
1429 2583 1461 2643 in
1485 2582 1661 2644 Dominica
1684 2602 1724 2643 ss.

396 2671 472 2733 Dat
488 2673 649 2747 Laterani,
675 2694 733 2754 per
756 2694 889 2736 manum
906 2674 1051 2747 Gerardi,
1075 2682 1187 2737 sancte
1209 2675 1361 2735 Romane
1385 2672 1522 2734 ecclesie
1544 2671 1716 2752 presbiteri
1740 2669 1915 2732 cardinalis

238 2777 276 2818 ac
299 2757 547 2823 bibliothecarii.
587 2763 719 2824 VNon.
745 2765 862 2826 Martii.
908 2763 1091 2825 Indictione
1115 2775 1173 2825 VII.
1213 2762 1448 2826 lncarnationis
1472 2761 1637 2823 dominice
1659 2779 1746 2821 anno
1763 2770 1913 2821 Mchlll.

237 2846 449 2912 Pontificatus
472 2871 549 2913 vero
574 2852 687 2913 domni
712 2852 865 2916 Celestini
890 2853 997 2916 11PP.
1022 2867 1043 2913 1.

397 2964 521 3028 Abschn'st
542 2980 590 3012 von
609 2966 780 3015 1815-1825
806 2964 840 3014 im
862 2967 917 3015 Cod.
942 2968 1000 3031 dipl
1027 2965 1127 3030 capitali
1147 2964 1309 3014 Cremonemis
1333 2971 1360 3028 p.
1381 2965 1441 3023 326,
1459 2963 1511 3013 326
1529 2979 1577 3011 von
1595 2963 1715 3012 Antonr'us
1734 2962 1855 3028 Dragani,
1880 2962 1914 3009 im

240 3031 339 3080 Falanio
359 3033 464 3084 Fonwne
480 3053 510 3083 zu
532 3037 655 3085 Cremona.

398 3108 445 3155 Die
466 3107 581 3156 Urkunde
598 3109 628 3156 ist
644 3108 810 3173 nachtriigliclr
828 3125 876 3158 von
893 3109 936 3157 der
952 3108 1032 3156 Hand
1047 3109 1088 3157 des
1105 3108 1336 3172 Arclrbkoadjutors
1351 3107 1438 3155 Cereda
1456 3106 1606 3172 eingetrugen
1625 3107 1708 3171 (vergi.
1727 3106 1763 3154 die
1780 3105 1840 3155 Urk.
1858 3121 1915 3154 vom

239 3174 272 3222 31
292 3173 365 3224 Mh'rz
386 3179 469 3237 1095,·
487 3181 548 3228 Acta
566 3180 597 3229 Il
610 3179 657 3228 Νι
680 3181 748 3246 193).
766 3210 794 3217 -
810 3181 857 3230 Dic
878 3180 1058 3247 Zeugenfirmen
1075 3181 1134 3229 sind
1148 3180 1184 3228 bei
1200 3180 1242 3228 dcr
1259 3179 1384 3244 Abscltrfi
1400 3179 1426 3226 in
1448 3179 1604 3243 Unordnung
1616 3177 1735 3243 gebracht.

995 3466 1061 3541 Nr.
1094 3469 1155 3541 54.

244 3611 274 3674 C
274 3613 386 3676 dlestin
403 3613 449 3678 II
464 3615 581 3677 nimmt
594 3615 656 3678 den
674 3614 995 3680 Kanomkerkonvent
1008 3637 1068 3680 uon
1094 3615 1237 3680 Vulterra
1254 3616 1287 3678 in
1302 3614 1531 3699 apostolisclzen
1547 3612 1665 3677 Schutz
1679 3614 1753 3677 und
1764 3612 1920 3698 bestatzgrt
1960 3655 1968 3673 .

241 3701 309 3765 ihm
324 3704 411 3766 scine
426 3703 661 3768 Besz'tztlnimer
684 3706 754 3769 und
767 3705 893 3785 Reclzte,
907 3705 1226 3873 ἰῖῗζὶιῖὶίίῖἂςνὶίὲῑίὴιῗ
1241 3705 1372 3768 Denare
1386 3702 1598 3769 Luccltesisclz
1621 3724 1664 3766 an
1683 3703 1738 3766 die
1755 3700 1861 3766 Kurie
1874 3724 1917 3766 zu

856 3932 940 3991 1144
956 3930 1056 3993 Mara
1071 3932 1101 3992 3.
1149 3930 1301 3992 Lateran.

399 4059 578 4124 Celestinus
609 4065 795 4145 episcopus,
827 4083 938 4126 servus
966 4084 1133 4127 servorum
1158 4064 1221 4138 dei,
1254 4062 1379 4125 dilectis
1409 4061 1479 4123 filiis
1503 4060 1610 4124 Azoni
1642 4058 1917 4141 archipresbitero

240 4156 272 4210 et
296 4149 411 4211 ceteris
434 4150 628 4214 Vulterrane
660 4152 797 4215 ecclesie
830 4155 1002 4229 canonicis,
1033 4161 1100 4216 tam
1133 4152 1337 4234 presentibus
1368 4171 1465 4231 quam
1497 4151 1622 4226 suturis,
1653 4150 1809 4212 canonice
1840 4149 1917 4212 sub-

239 4239 411 4300 stituendis
435 4238 650 4326 1ΝΡΡΜ.-Ι
672 4241 854 4306 Commisse
878 4243 971 4305 nobis
994 4243 1177 4324 apostolice
1201 4243 1288 4304 sedis
1312 4242 1486 4303 auctoritas
1510 4260 1570 4303 nos
1593 4238 1750 4314 hortatur,
1775 4247 1809 4301 ut
1834 4238 1916 4302 locis

240 4335 271 4390 et
287 4329 440 4409 personis,
465 4331 532 4392 eius
554 4332 711 4395 auxilium
736 4333 914 4394 devotione
938 4333 1050 4395 debita
1073 4331 1333 4413 implorantibus,
1356 4331 1501 4392 tuitionis
1524 4329 1700 4410 presidium
1725 4329 1917 4410 impendere

240 4417 427 4479 debeamus
476 4420 567 4501 Quia¹
599 4424 683 4483 sicut
703 4418 707 4506 Ι
728 4421 844 4483 iniusta
876 4422 1066 4502 petentibus
1089 4421 1194 4484 nullus
1218 4429 1267 4482 est
1299 4420 1490 4482 tribuendus
1519 4418 1663 4493 effectus,
1694 4418 1738 4480 ita
1769 4417 1916 4499 legitima

240 4514 274 4567 et
309 4509 391 4570 iusta
423 4512 628 4588 poscentium
660 4532 725 4573 non
757 4519 806 4572 est
842 4510 1024 4573 differenda
1054 4511 1179 4592 petitio.
1233 4509 1435 4590 Eapropter,
1474 4507 1583 4571 dilecti
1615 4509 1646 4569 in
1678 4508 1815 4569 domino
1847 4506 1916 4585 filii,

239 4596 353 4657 vestris
375 4597 464 4659 iustis
488 4599 761 4680 postulationibus
785 4601 962 4663 clementer
984 4602 1153 4662 annuimus
1186 4608 1219 4662 et
1247 4598 1405 4680 prefatam
1433 4598 1616 4671 ecclesiam,
1648 4598 1679 4657 in
1714 4614 1778 4675 qua
1801 4597 1915 4658 divino

240 4685 415 4767 mancipati
439 4688 515 4750 estis
539 4689 710 4768 obsequi0,
740 4689 802 4751 sub
833 4689 921 4752 beati
944 4690 1031 4752 Petri
1055 4698 1089 4751 et
1112 4697 1222 4751 nostra
1247 4688 1451 4770 protectione
1474 4687 1668 4768 suscipimus
1700 4694 1733 4748 et
1756 4689 1917 4767 presentis

239 4777 352 4855 scripti
384 4777 554 4859 privilegio
586 4780 833 4841 communimus
884 4776 1088 4851 Statuentes,
1120 4786 1156 4840 ut
1187 4797 1411 4859 quascumque
1443 4776 1674 4859 possessiones,
1707 4794 1916 4855 quecumque

240 4864 328 4926 bona
351 4866 382 4926 in
408 4869 642 4947 presentiarum
667 4868 748 4930 iuste
773 4876 805 4929 et
822 4870 978 4930 canonice
994 4869 1171 4949 possidetis
1196 4876 1251 4929 aut
1272 4867 1461 4929 infuturum
1483 4864 1695 4928 concessione
1712 4863 1916 4945 pontificum,

240 4952 409 5034 largitione
432 4975 545 5037 regum
569 4957 621 5019 vel
646 4959 839 5039 principum,
870 4957 1037 5020 oblatione
1061 4957 1204 5020 fidelium
1233 4977 1289 5018 seu
1314 4956 1384 5018 aliis
1413 4957 1504 5018 iustis
1536 4955 1643 5016 modis
1674 4954 1738 5015 deo
1770 4955 1916 5035 propitio

241 5044 390 5123 poteritis
411 5045 555 5127 adipisci,
580 5047 673 5109 firma
688 5048 782 5111 vobis
798 5049 980 5125 vestrisque
1003 5047 1246 5109 successoribus
1268 5054 1301 5108 et
1323 5045 1445 5109 illibata
1469 5050 1690 5127 permaneant.
1735 5042 1771 5104 ln
1797 5042 1916 5124 quibus

240 5129 301 5193 hec
326 5135 466 5215 propriis
490 5136 644 5199 duximus
668 5137 883 5217 exprimenda
905 5135 1092 5199 vocabulis:
1126 5135 1258 5218 plebem
1292 5137 1334 5198 de
1357 5132 1493 5215 Nigram
1526 5153 1599 5195 cum
1632 5133 1852 5195 decimatione
1884 5140 1917 5194 et

241 5221 376 5302 capellis
406 5225 489 5299 suis,
527 5225 658 5307 plebem
690 5227 732 5287 de
763 5224 850 5288 Villa
882 5247 999 5307 magna
1032 5246 1106 5288 cum
1137 5226 1356 5288 decimatione
1388 5232 1420 5285 et
1451 5221 1583 5304 capellis
1615 5225 1695 5296 suis,
1727 5230 1851 5284 curtem
1884 5228 1917 5283 et

241 5311 413 5374 ecclesiam
445 5315 487 5376 de
517 5324 629 5378 sancta
659 5314 800 5397 Agatha,
832 5315 1002 5378 ecclesiam
1035 5316 1077 5377 de
1110 5312 1346 5389 Guardaste110‚
1381 5307 1540 5394 capellam
1572 5312 1614 5373 de
1647 5313 1761 5374 Monte
1794 5311 1915 5385 maiori,

241 5401 409 5463 ecclesiam
441 5404 483 5466 de
514 5403 678 5480 Nubiano,
712 5404 883 5467 ecclesiam
916 5407 958 5468 de
991 5404 1147 5481 Petriolo,
1178 5405 1431 5467 decimationem
1465 5400 1650 5464 Wlterrane
1681 5400 1794 5482 plebis,
1829 5401 1915 5463 deci·

241 5492 420 5554 mationem
444 5494 486 5556 de
510 5493 691 5569 Monterio,
724 5494 908 5557 oblationes
940 5514 1054 5558 omnes
1088 5495 1231 5557 eiusdem
1264 5493 1403 5556 ecclesie
1433 5499 1543 5577 preter
1574 5510 1682 5553 ceram
1708 5498 1740 5552 et
1763 5490 1915 5553 oleuma

244 5607 398 5616 --——-
421 5610 451 5615 ...-

403 5674 426 5736 1)
452 5670 528 5735 Vergl.
549 5672 586 5721 die
608 5671 724 5721 Urkunde
742 5686 797 5720 vom
815 5673 850 5722 29
867 5671 941 5735 April
958 5673 1034 5721 1145.
